<mjloggm ver="2.3"><GO type="137" lobby="0"/><UN n0="%6B%6F%75%73%75%2D%6B" n1="%E3%81%A6%E3%82%8B%E5%BD%A6" n2="%73%68%6F%75%2D%32" n3="%E7%95%99%E8%90%8C" dan="11,12,13,10" rate="1601.37,1709.05,1758.90,1485.68" sx="M,M,M,F"/><TAIKYOKU oya="0"/><INIT seed="0,0,0,5,0,101" ten="250,250,250,250" oya="0" hai0="104,83,84,33,31,54,85,48,127,2,72,122,25" hai1="78,114,7,4,5,37,62,35,29,111,80,20,11" hai2="17,128,14,131,102,30,132,79,116,16,56,43,68" hai3="57,113,118,66,34,73,77,134,63,106,36,94,8"/><T41/><D104/><U86/><E37/><V40/><F68/><W53/><G34/><T75/><D122/><U109/><E114/><V108/><F108/><N who="1" m="41545" /><E35/><V51/><F132/><W121/><G118/><T18/><D2/><N who="1" m="407" /><E62/><V90/><F79/><W76/><G113/><T49/><D127/><U70/><E70/><V52/><F30/><W130/><G36/><T103/><D103/><U1/><E1/><V91/><F102/><W39/><G39/><T3/><D3/><U28/><E28/><V120/><F120/><W89/><G134/><T59/><D85/><U97/><E97/><V45/><F116/><W81/><G121/><T46/><REACH who="0" step="1"/><D18/><REACH who="0" ten="240,250,250,250" step="2"/><U105/><E105/><V93/><F17/><W74/><G106/><T42/><D42/><U24/><AGARI ba="0,1" hai="5,7,20,24,29,78,80,86" m="407,41545" machi="24" ten="30,1100,0" yaku="14,1" doraHai="101" who="1" fromWho="1" sc="240,-5,250,21,250,-3,250,-3" /><INIT seed="1,0,0,4,2,68" ten="235,271,247,247" oya="1" hai0="125,98,55,84,105,51,129,89,103,41,101,123,15" hai1="11,83,91,86,9,37,114,46,127,50,115,23,132" hai2="76,42,96,94,21,56,106,65,74,0,31,66,44" hai3="81,111,119,40,20,5,27,12,130,93,108,95,52"/><U124/><E132/><V45/><F106/><W100/><G119/><T122/><D129/><U118/><E118/><V63/><F0/><W61/><G40/><T18/><D125/><N who="1" m="48203" /><E23/><V102/><F76/><W28/><G130/><T70/><D70/><U72/><E72/><V121/><F74/><W64/><G81/><T134/><D134/><U59/><E59/><V135/><F135/><W88/><G100/><T53/><D101/><U57/><E57/><V97/><F121/><W30/><G64/><T113/><D113/><N who="1" m="43019" /><E37/><V48/><F45/><W10/><G30/><T73/><D73/><U25/><E25/><N who="2" m="16815" /><F66/><W6/><G6/><T90/><D90/><U62/><E62/><V78/><F78/><W79/><G79/><T69/><D69/><U14/><E14/><V49/><F97/><W109/><G88/><T43/><D55/><AGARI ba="0,0" hai="9,11,46,50,55,83,86,91" m="43019,48203" machi="55" ten="30,1500,0" yaku="18,1" doraHai="68" who="1" fromWho="0" sc="235,-15,271,15,247,0,247,0" /><INIT seed="1,1,0,1,0,83" ten="220,286,247,247" oya="1" hai0="80,98,2,76,41,22,39,37,30,19,4,128,91" hai1="134,26,66,11,124,18,47,96,5,99,106,25,82" hai2="28,122,90,78,123,35,69,88,0,129,17,103,62" hai3="16,133,126,7,14,114,108,38,112,40,132,115,56"/><U111/><E134/><N who="3" m="51818" /><G7/><T23/><D128/><U118/><E118/><V58/><F69/><W20/><G108/><T67/><D39/><U117/><E117/><V49/><F0/><W36/><G56/><T73/><D37/><N who="3" m="14441" /><G40/><T44/><D67/><U72/><E124/><AGARI ba="1,0" hai="14,16,20,112,114,115,124,126" m="14441,51818" machi="124" ten="40,2600,0" yaku="20,1,54,1" doraHai="83" who="3" fromWho="1" sc="220,0,286,-29,247,0,247,29" /><INIT seed="2,0,0,3,4,2" ten="220,257,247,276" oya="2" hai0="42,73,66,89,70,47,115,118,122,36,52,106,130" hai1="63,26,127,107,71,28,83,35,81,69,103,132,7" hai2="67,40,19,111,129,46,75,3,124,120,61,133,23" hai3="64,128,102,27,6,72,8,80,88,59,30,112,110"/><V119/><F120/><W87/><G102/><T65/><D73/><U38/><E38/><V48/><F119/><W114/><G72/><T135/><D106/><U18/><E132/><V33/><F33/><W4/><G110/><T96/><D115/><N who="3" m="44073" /><G128/><T90/><D122/><U5/><E127/><V79/><F129/><W15/><G64/><T50/><D118/><U1/><E1/><V105/><F105/><W109/><G109/><T123/><D130/><U22/><E71/><V13/><F3/><W45/><G45/><T9/><D123/><U74/><E83/><V117/><F124/><W108/><G108/><T58/><D135/><U54/><E54/><V92/><F133/><W100/><G100/><T55/><D96/><N who="1" m="61927" /><E81/><V17/><F117/><W44/><G44/><T116/><D116/><U134/><E74/><V34/><F34/><N who="3" m="20831" /><G59/><T91/><D9/><U24/><E134/><V51/><F75/><W77/><G77/><T113/><D113/><U32/><E32/><V82/><F92/><W86/><G86/><T126/><D126/><U0/><E0/><V53/><F111/><W121/><G121/><T57/><REACH who="0" step="1"/><D70/><REACH who="0" ten="210,257,247,276" step="2"/><U39/><E39/><V62/><F79/><W131/><G131/><T16/><D16/><AGARI ba="0,1" hai="4,6,8,15,16,80,87,88" m="20831,44073" machi="16" ten="30,8000,1" yaku="11,1,52,2,54,2" doraHai="2" who="3" fromWho="0" sc="210,-80,257,0,247,0,276,90" /><INIT seed="3,0,0,2,4,97" ten="130,257,247,366" oya="3" hai0="4,5,37,36,124,10,66,127,11,112,87,19,56" hai1="13,64,67,28,94,133,93,100,47,30,80,45,120" hai2="35,31,121,9,23,103,6,0,82,98,24,57,75" hai3="70,72,29,15,48,58,81,44,126,33,71,99,91"/><W95/><G126/><N who="0" m="48171" /><D112/><U78/><E120/><V49/><F121/><W115/><G115/><T17/><D56/><U123/><E123/><V26/><F82/><W74/><G72/><T53/><D66/><N who="1" m="25131" /><E133/><V16/><F75/><W77/><G71/><T130/><D53/><U83/><E94/><V86/><F86/><W114/><G70/><T63/><D63/><U51/><E47/><V113/><F113/><W43/><G114/><T41/><D41/><N who="1" m="25007" /><E13/><V68/><F68/><W128/><G128/><T59/><D87/><N who="1" m="48535" /><E83/><V20/><F35/><W18/><G58/><T39/><D59/><U34/><E34/><V131/><F131/><W22/><REACH who="3" step="1"/><G33/><REACH who="3" ten="130,257,247,356" step="2"/><T3/><D130/><U117/><E117/><V134/><F134/><W61/><G61/><T62/><D62/><U135/><E135/><V96/><F57/><W107/><G107/><T129/><D129/><U85/><E85/><V21/><F49/><W88/><G88/><T50/><D50/><U46/><E46/><V42/><F42/><W55/><G55/><T101/><D101/><U106/><E106/><V38/><F38/><N who="0" m="9730" /><T14/><AGARI ba="0,1" hai="3,4,5,10,11,14,17,19" m="9730,48171" machi="14" ten="50,3200,0" yaku="4,1,18,1" doraHai="97" who="0" fromWho="0" sc="130,42,257,-8,247,-8,356,-16" /><INIT seed="4,0,0,5,2,79" ten="172,249,239,340" oya="0" hai0="5,89,33,98,91,42,120,86,94,104,24,34,7" hai1="53,28,99,112,21,68,45,18,129,56,37,92,80" hai2="59,100,101,130,9,76,62,51,69,6,19,47,81" hai3="73,134,108,128,64,126,115,105,75,90,106,32,111"/><T13/><D120/><U117/><E117/><V3/><F69/><W23/><G32/><T123/><D123/><U26/><E129/><V66/><F130/><W87/><G64/><T131/><D131/><U103/><E68/><V124/><F19/><W52/><G23/><T135/><D135/><U40/><E112/><V27/><F27/><W50/><G128/><T15/><D104/><U54/><E56/><V22/><F22/><W12/><G12/><T93/><D42/><U71/><E71/><V49/><F124/><W35/><G35/><T43/><D43/><U122/><E122/><V82/><F47/><W109/><G115/><T85/><D98/><U0/><E0/><V83/><REACH who="2" step="1"/><F76/><REACH who="2" ten="172,249,229,340" step="2"/><W4/><G126/><T107/><REACH who="0" step="1"/><D107/><REACH who="0" ten="162,249,229,340" step="2"/><U25/><REACH who="1" step="1"/><E80/><REACH who="1" ten="162,239,229,340" step="2"/><V125/><F125/><W31/><G106/><T96/><D96/><U8/><E8/><V119/><F119/><W95/><G105/><T133/><D133/><U127/><E127/><V121/><F121/><W38/><G134/><T46/><D46/><U48/><E48/><AGARI ba="0,3" hai="3,6,9,48,49,51,59,62,66,81,82,83,100,101" machi="48" ten="40,8000,1" yaku="1,1,52,3,53,0" doraHai="79" doraHaiUra="132" who="2" fromWho="1" sc="162,0,239,-80,229,110,340,0" /><INIT seed="5,0,0,3,3,55" ten="162,159,339,340" oya="1" hai0="126,63,84,134,34,54,107,83,21,89,25,116,120" hai1="118,12,132,48,11,76,58,24,19,0,59,44,87" hai2="81,60,18,46,64,102,95,104,113,98,117,94,108" hai3="40,110,99,57,135,26,41,70,51,23,123,36,61"/><U88/><E118/><V47/><F108/><W27/><G110/><T6/><D120/><U52/><E132/><V80/><F117/><W128/><G123/><T121/><D107/><U79/><E0/><V14/><F113/><W62/><G135/><T129/><D121/><U65/><E65/><V91/><F104/><W124/><G128/><T71/><D116/><U114/><E24/><V68/><F81/><W20/><G124/><T7/><D134/><U105/><E105/><V35/><F80/><W56/><G99/><T93/><D129/><U33/><E33/><V90/><F35/><W2/><G2/><T125/><D71/><U78/><E114/><V5/><F5/><W75/><G75/><T32/><D126/><U37/><E37/><V122/><F102/><W85/><G85/><T1/><D125/><U133/><E133/><V131/><F131/><W101/><G101/><T49/><D34/><U39/><E39/><V66/><F66/><W82/><G82/><AGARI ba="0,0" hai="11,12,19,44,48,52,58,59,76,78,79,82,87,88" machi="82" ten="40,18000,2" yaku="25,2,8,1,52,2,54,2" doraHai="55" who="1" fromWho="3" sc="162,0,159,180,339,0,340,-180" /><INIT seed="5,1,0,2,4,132" ten="162,339,339,160" oya="1" hai0="128,98,20,54,71,134,18,117,113,85,95,115,78" hai1="47,14,109,125,5,88,57,52,86,84,28,0,92" hai2="33,12,42,65,13,41,17,3,1,44,6,101,112" hai3="116,49,59,26,75,22,23,82,131,81,94,120,79"/><U74/><E109/><V97/><F33/><W36/><G120/><T77/><D71/><U45/><E74/><V93/><F1/><W111/><G111/><T15/><D117/><U39/><E0/><V53/><F3/><W48/><G36/><T8/><D134/><U118/><E118/><V21/><F65/><W37/><G37/><T90/><D128/><U123/><E123/><V105/><F105/><W46/><G116/><T133/><D133/><U64/><E64/><V107/><F107/><W40/><G131/><T108/><D108/><U76/><E39/><V91/><F101/><W72/><G94/><T124/><D124/><U35/><E125/><V10/><F112/><W31/><G23/><T60/><D115/><U11/><E28/><V27/><F27/><W19/><G31/><T130/><D130/><U126/><E126/><V69/><F69/><W103/><G103/><T129/><D129/><U89/><E35/><V102/><F102/><W80/><REACH who="3" step="1"/><G79/><REACH who="3" ten="162,339,339,150" step="2"/><T127/><D127/><U58/><E76/><V30/><F30/><W63/><G63/><T67/><D113/><U2/><E2/><V55/><F41/><W16/><G16/><N who="0" m="8295" /><D67/><U51/><REACH who="1" step="1"/><E47/><REACH who="1" ten="162,329,339,150" step="2"/><V83/><F83/><AGARI ba="1,2" hai="5,11,14,45,51,52,57,58,83,84,86,88,89,92" machi="83" ten="30,18000,2" yaku="1,1,2,1,7,1,8,1,54,2,53,0" doraHai="132" doraHaiUra="24" who="1" fromWho="2" sc="162,0,329,203,339,-183,150,0" /><INIT seed="5,2,0,3,0,91" ten="162,532,156,150" oya="1" hai0="11,78,98,105,135,50,1,46,5,81,67,133,31" hai1="33,130,30,107,3,20,22,9,76,14,123,58,108" hai2="17,74,80,100,29,128,60,56,38,93,41,40,23" hai3="126,87,37,21,16,48,88,71,44,94,82,84,115"/><U10/><E107/><V26/><F128/><W106/><G71/><T119/><D119/><U95/><E130/><V97/><F38/><W132/><G37/><T103/><D31/><U120/><E76/><V101/><F74/><W52/><G106/><T85/><D67/><U35/><E58/><V92/><F80/><W28/><G28/><T64/><REACH who="0" step="1"/><D64/><REACH who="0" ten="152,532,156,150" step="2"/><U134/><E30/><V129/><F129/><W118/><G118/><T62/><D62/><U63/><E63/><V45/><F45/><W39/><G39/><T57/><D57/><U96/><E123/><V55/><REACH who="2" step="1"/><F29/><REACH who="2" ten="152,532,146,150" step="2"/><W2/><G2/><T110/><D110/><U125/><E3/><V86/><F86/><W69/><G69/><T109/><D109/><U25/><E108/><V53/><F53/><AGARI ba="2,2" hai="1,5,11,46,50,53,78,81,85,98,103,105,133,135" machi="53" ten="40,1300,0" yaku="1,1,53,0" doraHai="91" doraHaiUra="8" who="0" fromWho="2" sc="152,39,532,0,146,-19,150,0" /><INIT seed="6,0,0,1,5,22" ten="191,532,127,150" oya="2" hai0="18,82,11,26,70,57,131,114,78,72,56,99,86" hai1="92,32,76,63,94,115,4,20,14,66,68,33,8" hai2="0,127,108,85,111,19,50,112,93,67,84,36,5" hai3="96,91,37,38,43,21,7,6,69,42,81,113,110"/><V47/><F36/><W28/><G69/><T48/><D70/><U89/><E115/><V119/><F112/><W60/><G110/><N who="2" m="42025" /><F119/><W55/><G113/><T54/><D72/><U44/><E92/><V2/><F67/><W121/><G121/><T133/><D114/><U107/><E107/><V35/><F35/><W124/><G124/><T106/><D133/><U128/><E128/><V109/><N who="2" m="42033" /><V123/><DORA hai="98" /><F123/><W74/><G74/><T29/><D131/><U46/><E76/><V80/><F127/><W40/><G28/><T25/><D57/><U49/><E46/><V122/><F122/><W45/><G21/><T125/><D125/><U104/><E104/><V64/><F64/><W41/><N who="3" m="10752" /><DORA hai="61" /><W71/><G71/><T15/><REACH who="0" step="1"/><D29/><REACH who="0" ten="181,532,127,150" step="2"/><U100/><E68/><V34/><F47/><W73/><G73/><T30/><D30/><U17/><E44/><V77/><F77/><W65/><G37/><T27/><D27/><U88/><E63/><V116/><F116/><W58/><G38/><T118/><D118/><U75/><E75/><V16/><F50/><W95/><REACH who="3" step="1"/><G81/><REACH who="3" ten="181,532,127,140" step="2"/><T24/><D24/><U31/><E31/><V23/><F80/><W62/><G62/><T59/><D59/><U51/><E33/><V87/><F34/><W101/><G101/><AGARI ba="0,2" hai="11,15,18,25,26,48,54,56,78,82,86,99,101,106" machi="101" ten="40,12000,2" yaku="1,1,52,3,53,2" doraHai="22,98,61" doraHaiUra="102,53,120" who="0" fromWho="3" sc="181,140,532,0,127,0,140,-120" /><INIT seed="7,0,0,1,2,59" ten="321,532,127,20" oya="3" hai0="31,3,117,74,9,33,43,2,32,66,98,52,20" hai1="96,101,71,4,45,61,111,128,122,60,113,53,68" hai2="106,23,21,94,38,5,55,134,22,90,119,129,49" hai3="14,47,135,120,41,8,58,103,99,0,109,86,69"/><W67/><G120/><T16/><D74/><U133/><E4/><V10/><F106/><W114/><G114/><T17/><D43/><U125/><E96/><V56/><F38/><W35/><G35/><N who="0" m="13387" /><D66/><U18/><E101/><V81/><F134/><W130/><G130/><T112/><D98/><U72/><E72/><V75/><F129/><W85/><G0/><N who="0" m="43" /><D112/><U40/><E18/><V107/><F107/><W29/><G135/><T108/><D117/><U105/><E105/><V24/><F119/><W124/><G109/><T118/><D52/><U80/><E111/><V6/><F81/><W93/><G124/><T54/><D118/><U102/><E133/><V11/><F75/><W79/><G69/><T104/><D54/><U76/><E71/><V126/><F24/><W65/><G29/><T82/><D82/><U27/><E68/><V62/><F49/><N who="3" m="26863" /><G79/><T19/><D104/><U127/><E127/><V13/><F13/><W95/><G95/><T92/><D92/><U34/><E125/><V64/><F64/><N who="3" m="24651" /><G58/><T57/><D57/><U28/><E28/><V97/><REACH who="2" step="1"/><F126/><REACH who="2" ten="321,532,117,20" step="2"/><W12/><G12/><N who="0" m="7311" /><D108/><U123/><E123/><V70/><F70/><W63/><G63/><T84/><D84/><U42/><E61/><V115/><F115/><W37/><G37/><T100/><D100/><U88/><E113/><V51/><F51/><W46/><G46/><T110/><D110/><U36/><E45/><V89/><F89/><W116/><G116/><T26/><AGARI ba="0,1" hai="16,19,20,26,31" m="7311,43,13387" machi="26" ten="40,12000,2" yaku="35,5,54,1" doraHai="59" who="0" fromWho="0" sc="321,130,532,-30,117,-30,20,-60" owari="451,25,502,60,87,-31,-40,-54" /></mjloggm>