<mjloggm ver="2.3"><GO type="9" lobby="0"/><UN n0="%4E%6F%4E%61%6D%65" n1="%E7%95%99%E8%90%8C" n2="%E7%91%9E%E9%B3%B3%32%6E%64" n3="%48%4F%4B%45%49%4A%50" dan="0,10,3,4" rate="1500.00,1492.57,1572.65,1489.59" sx="M,F,F,M"/><TAIKYOKU oya="0"/><INIT seed="0,0,0,4,3,102" ten="250,250,250,250" oya="0" hai0="92,76,111,27,70,103,95,89,101,100,20,131,1" hai1="58,63,93,91,39,10,14,75,43,130,112,44,4" hai2="123,33,56,94,118,2,116,45,7,97,0,6,125" hai3="51,133,11,74,15,19,48,64,35,106,9,82,57"/><T66/><D131/><U124/><E75/><V109/><F123/><W62/><G35/><T17/><D111/><U73/><E73/><V52/><F125/><W36/><G36/><T119/><D119/><N who="2" m="45610" /><F109/><W31/><G31/><T3/><D76/><U21/><E124/><V105/><F45/><W60/><G74/><T107/><D107/><U72/><E72/><V69/><F69/><W110/><G110/><T85/><REACH who="0" step="1"/><D95/><REACH who="0" ten="240,250,250,250" step="2"/><U41/><E130/><V127/><F105/><W50/><G106/><T24/><D24/><U23/><E112/><V53/><F127/><W67/><G133/><T87/><D87/><U61/><E43/><V132/><F132/><W55/><G82/><T98/><D98/><U81/><E81/><V134/><F134/><W117/><G117/><T46/><D46/><U80/><E80/><V71/><F94/><W42/><G42/><T34/><D34/><U104/><E104/><V88/><F33/><W77/><G77/><T37/><D37/><U29/><E29/><V122/><F122/><W128/><G128/><T40/><D40/><U38/><E38/><V113/><F113/><W65/><REACH who="3" step="1"/><G9/><REACH who="3" ten="240,250,250,240" step="2"/><T12/><D12/><U86/><REACH who="1" step="1"/><E63/><AGARI ba="0,2" hai="11,15,19,48,50,51,55,57,60,62,63,64,65,67" machi="63" ten="40,5200,0" yaku="1,1,2,1,8,1,53,0" doraHai="102" doraHaiUra="26" who="3" fromWho="1" sc="240,0,250,-52,250,0,240,72" /><AGARI ba="0,0" hai="1,3,17,20,27,63,66,70,85,89,92,100,101,103" machi="63" ten="40,2000,0" yaku="1,1,53,0" doraHai="102" doraHaiUra="26" who="0" fromWho="1" sc="240,20,198,-20,250,0,312,0" /><INIT seed="0,1,0,3,0,73" ten="260,178,250,312" oya="0" hai0="40,39,50,100,116,90,76,7,0,126,82,78,99" hai1="127,135,41,120,2,133,93,117,86,114,31,75,37" hai2="118,25,9,60,8,26,54,20,18,43,124,130,51" hai3="38,68,71,94,15,46,129,105,134,23,1,36,57"/><T48/><D116/><U69/><E120/><V96/><F118/><W106/><G1/><T45/><D126/><U92/><E117/><V17/><F124/><W10/><G129/><T3/><D90/><U80/><E127/><V110/><F130/><W61/><G134/><T97/><D99/><U59/><E75/><V74/><F74/><W49/><G105/><T128/><D128/><U56/><E69/><V123/><F110/><W112/><G106/><T4/><D0/><U87/><E2/><V12/><F123/><W34/><G34/><T21/><D78/><U91/><E114/><V95/><F43/><W115/><G23/><T102/><D102/><U63/><E31/><V103/><F51/><W30/><G30/><T62/><D62/><U79/><E37/><V89/><F103/><W28/><G28/><T66/><D66/><U44/><E41/><V24/><F12/><W84/><G68/><T98/><D98/><U81/><E44/><V11/><F11/><W119/><G71/><T5/><D3/><U33/><E33/><V53/><F53/><W32/><G32/><T6/><D6/><U16/><E16/><V72/><F72/><W35/><G35/><T47/><D50/><U107/><E107/><V14/><F18/><W77/><G119/><T27/><D48/><U42/><E42/><V122/><F122/><W19/><G38/><T108/><D47/><U29/><E29/><V121/><F121/><W70/><G70/><T88/><D88/><U67/><E59/><AGARI ba="1,0" hai="8,9,14,17,20,24,25,26,54,59,60,89,95,96" machi="59" ten="40,1300,0" yaku="8,1" doraHai="73" who="2" fromWho="1" sc="260,0,178,-16,250,16,312,0" /><INIT seed="1,0,0,0,5,82" ten="260,162,266,312" oya="1" hai0="69,23,35,22,36,28,83,61,74,27,98,7,53" hai1="71,60,91,132,15,19,49,66,62,1,85,87,57" hai2="52,103,72,106,125,55,48,116,32,16,124,89,105" hai3="112,94,25,121,126,42,134,47,45,109,10,130,59"/><U73/><E1/><V108/><F116/><W2/><G121/><T21/><D36/><U75/><E132/><V76/><F108/><W97/><G112/><T128/><D128/><U40/><E73/><V127/><F32/><W113/><G113/><T115/><D115/><U13/><E75/><V123/><F123/><W12/><G130/><T29/><D7/><U4/><E4/><V81/><F48/><W122/><G122/><T118/><D118/><U5/><E5/><V119/><F119/><W96/><G2/><T68/><D28/><U129/><E129/><V86/><F103/><W99/><G109/><T133/><D133/><U117/><E117/><V88/><F72/><W17/><G126/><T58/><REACH who="0" step="1"/><D98/><REACH who="0" ten="250,162,266,312" step="2"/><U65/><E19/><V9/><F16/><W104/><G134/><T8/><D8/><U11/><E11/><V18/><F9/><W78/><G99/><T34/><D34/><U63/><E71/><V90/><F18/><W95/><G97/><T135/><D135/><U54/><E40/><V93/><F93/><W24/><G42/><T79/><AGARI ba="0,1" hai="21,22,23,27,29,35,53,58,61,68,69,74,79,83" machi="79" ten="30,4000,0" yaku="1,1,0,1,53,1" doraHai="82" doraHaiUra="30" who="0" fromWho="0" sc="250,50,162,-20,266,-10,312,-10" /><INIT seed="2,0,0,0,5,3" ten="300,142,256,302" oya="2" hai0="19,118,35,21,56,23,103,77,91,53,41,15,76" hai1="31,133,14,73,134,75,108,125,8,70,115,89,130" hai2="58,55,63,84,47,48,132,50,95,27,32,119,5" hai3="54,40,131,26,80,17,124,114,86,2,113,83,81"/><V109/><F119/><W122/><G122/><T97/><D118/><U110/><E115/><V20/><F132/><N who="1" m="50793" /><E70/><V37/><F109/><N who="1" m="42089" /><E31/><N who="2" m="17895" /><F32/><W82/><G2/><T59/><D35/><U104/><E8/><V88/><F37/><W29/><G124/><T6/><D41/><U72/><E14/><V127/><F127/><W78/><G131/><T90/><D56/><U67/><E67/><N who="2" m="39415" /><F50/><W36/><G36/><T18/><D6/><AGARI ba="0,0" hai="5,6,47,48,55,84,88,95" m="39415,17895" machi="6" ten="30,11600,0" yaku="8,1,52,2,54,1" doraHai="3" who="2" fromWho="0" sc="300,-116,142,0,256,116,302,0" /><INIT seed="2,1,0,5,5,39" ten="184,142,372,302" oya="2" hai0="62,95,51,36,47,9,92,77,81,117,116,27,49" hai1="65,93,127,76,90,126,7,22,14,50,119,101,66" hai2="100,112,78,43,21,91,110,54,82,35,84,102,87" hai3="16,24,130,1,33,45,135,96,53,115,23,128,74"/><V121/><F112/><W133/><G74/><T107/><D107/><U131/><E119/><N who="0" m="45641" /><D27/><U32/><E76/><V86/><F121/><W42/><G53/><N who="0" m="29887" /><D36/><U25/><E32/><V2/><F110/><W8/><G96/><T40/><D9/><U48/><E101/><N who="2" m="39019" /><F35/><W73/><G73/><N who="0" m="43183" /><D62/><U44/><E131/><N who="3" m="50218" /><G115/><T29/><D29/><U108/><E108/><V55/><F2/><W132/><G33/><T28/><D28/><U12/><E7/><V69/><F21/><W5/><G45/><AGARI ba="1,0" hai="40,45,51,92,95" m="43183,29887,45641" machi="45" ten="30,2000,0" yaku="12,1,52,1" doraHai="39" who="0" fromWho="3" sc="184,23,142,0,372,0,302,-23" /><INIT seed="3,0,0,0,0,26" ten="207,142,372,279" oya="3" hai0="71,15,59,110,54,120,63,114,102,94,49,5,48" hai1="14,128,0,33,25,73,83,19,2,28,53,37,27" hai2="91,29,18,88,70,126,8,135,108,47,66,4,7" hai3="76,62,75,36,104,105,133,112,127,81,3,125,69"/><W11/><G112/><T117/><D120/><U118/><E37/><V35/><F126/><W40/><G133/><T95/><D117/><U67/><E118/><V98/><F135/><W56/><G56/><T43/><D114/><U16/><E67/><V79/><F108/><W107/><G62/><T132/><D132/><U45/><E73/><V23/><F47/><W103/><G69/><T92/><D110/><U65/><E65/><V60/><F79/><W90/><G90/><T77/><D77/><U93/><E83/><V106/><F106/><W41/><G41/><T58/><D71/><U100/><E100/><V32/><F98/><W44/><REACH who="3" step="1"/><G103/><REACH who="3" ten="207,142,372,269" step="2"/><T57/><D43/><U31/><E45/><V6/><F91/><W17/><G17/><N who="1" m="6730" /><E53/><V97/><F88/><W50/><G50/><N who="0" m="19563" /><D102/><U61/><E61/><V119/><F119/><W51/><G51/><T20/><D20/><N who="1" m="15399" /><E93/><V22/><F18/><W99/><G99/><T78/><D78/><U24/><E128/><V46/><F97/><W9/><G9/><AGARI ba="0,1" hai="5,9,15,54,57,58,59,63,92,94,95" m="19563" machi="9" ten="30,1000,0" yaku="8,1" doraHai="26" who="0" fromWho="3" sc="207,20,142,0,372,0,269,-10" /><INIT seed="4,0,0,1,1,73" ten="227,142,372,259" oya="0" hai0="14,20,69,134,33,64,77,90,83,26,17,128,21" hai1="6,29,112,65,124,43,131,4,110,8,85,120,54" hai2="79,103,52,41,28,68,95,92,108,71,12,81,19" hai3="0,116,60,89,22,38,34,74,72,51,130,70,30"/><T61/><D134/><U101/><E110/><V18/><F108/><W106/><G106/><T105/><D128/><U84/><E120/><V104/><F104/><W99/><G38/><T16/><D33/><U62/><E131/><V135/><F135/><W78/><G0/><T82/><D105/><U45/><E101/><V97/><F71/><W80/><G34/><T122/><D122/><U57/><E124/><V113/><F113/><W121/><G130/><T55/><D55/><U13/><E112/><V25/><F68/><W100/><G70/><T3/><D3/><U36/><E29/><V35/><F12/><W39/><G39/><T56/><D90/><U111/><E111/><V5/><F5/><W129/><G129/><T67/><REACH who="0" step="1"/><D77/><REACH who="0" ten="217,142,372,259" step="2"/><U31/><E31/><V42/><F52/><W9/><G121/><T37/><D37/><U125/><E125/><V53/><F53/><W50/><G89/><T87/><D87/><U91/><E85/><N who="2" m="48319" /><F95/><W27/><G116/><T107/><D107/><U24/><E54/><V102/><F35/><W118/><G118/><T44/><D44/><U15/><E84/><V11/><F11/><W123/><G123/><T32/><D32/><U132/><E91/><V93/><F28/><W7/><G30/><T75/><D75/><U49/><E132/><V126/><F126/><W119/><G74/><T58/><D58/><U94/><E36/><V86/><F86/><W117/><G117/><T98/><D98/><U88/><E88/><V63/><F25/><W10/><G119/><T96/><D96/><U76/><E24/><V40/><F63/><AGARI ba="0,1" hai="14,16,17,20,21,26,56,61,63,64,67,69,82,83" machi="63" ten="40,7700,0" yaku="1,1,6,1,54,1,53,0" doraHai="73" doraHaiUra="127" who="0" fromWho="2" sc="217,87,142,0,372,-77,259,0" /><INIT seed="4,1,0,1,2,112" ten="304,142,295,259" oya="0" hai0="75,94,4,70,68,34,27,134,25,35,84,135,120" hai1="18,42,9,79,97,92,46,106,48,20,52,128,108" hai2="38,55,109,98,39,115,91,96,51,127,72,80,126" hai3="64,124,58,31,118,89,77,129,44,13,28,76,78"/><T0/><D120/><U67/><E106/><V1/><F109/><W133/><G129/><T33/><D75/><U45/><E108/><V71/><F115/><W110/><G110/><T32/><N who="0" m="8704" /><DORA hai="125" /><T50/><D0/><U116/><E116/><V47/><F1/><W87/><G124/><N who="2" m="47657" /><F71/><N who="0" m="27178" /><D4/><U85/><E67/><V19/><F19/><W43/><G133/><N who="0" m="50699" /><D50/><U132/><E132/><V7/><F7/><W69/><G69/><T14/><D14/><U29/><E29/><V107/><F107/><W105/><G105/><T73/><D73/><U8/><E79/><N who="2" m="44135" /><F91/><AGARI ba="1,0" hai="25,27,84,91,94" m="50699,27178,8704" machi="91" ten="70,3400,0" yaku="20,1" doraHai="112,125" who="0" fromWho="2" sc="304,37,142,0,295,-37,259,0" /><INIT seed="4,2,0,5,5,14" ten="341,142,258,259" oya="0" hai0="89,118,19,23,26,53,1,43,126,121,13,111,94" hai1="49,57,3,32,77,4,2,0,135,7,80,90,41" hai2="76,124,101,84,110,11,18,130,83,106,92,51,45" hai3="67,97,64,99,48,27,81,78,103,16,115,50,46"/><T128/><D121/><U36/><E32/><V122/><F110/><W75/><G115/><T65/><D118/><U20/><E36/><V104/><F122/><W73/><G73/><T62/><D111/><U58/><E90/><V37/><F124/><W42/><G97/><T44/><D126/><U116/><E116/><V133/><F130/><W5/><G5/><T100/><D128/><U107/><E107/><V114/><F133/><W79/><G78/><T134/><D134/><U61/><E135/><V60/><F114/><W96/><G96/><T12/><D1/><U88/><E20/><V127/><F127/><W68/><G68/><T24/><D100/><U21/><E21/><V129/><F129/><W55/><G42/><T113/><D113/><U72/><E88/><N who="2" m="51231" /><F37/><W108/><G48/><T10/><D53/><U86/><E72/><V56/><F76/><W132/><G108/><T119/><D119/><U123/><E123/><V22/><F92/><W47/><G47/><T98/><D44/><U105/><E105/><V74/><F74/><W102/><G102/><T70/><D43/><U59/><REACH who="1" step="1"/><E61/><REACH who="1" ten="341,132,258,259" step="2"/><V35/><F35/><W30/><G132/><T109/><D109/><U66/><E66/><N who="2" m="39175" /><F101/><W71/><G67/><T39/><D39/><U9/><E9/><V91/><F22/><W93/><G64/><T17/><AGARI ba="2,1" hai="10,12,13,17,19,23,24,26,62,65,70,89,94,98" machi="17" ten="20,7800,0" yaku="0,1,7,1,52,2" doraHai="14" who="0" fromWho="0" sc="341,94,132,-28,258,-28,259,-28" /><INIT seed="4,3,0,2,2,90" ten="435,104,230,231" oya="0" hai0="57,54,126,39,86,0,29,41,78,16,52,6,31" hai1="79,4,117,133,102,122,8,19,9,114,104,35,89" hai2="5,125,123,22,51,20,2,21,83,30,82,94,73" hai3="121,42,100,76,110,112,17,11,23,62,135,111,59"/><T64/><D126/><U105/><E117/><V92/><F123/><W95/><G121/><T107/><D107/><U87/><E122/><V80/><F125/><W61/><G112/><T71/><D71/><U26/><E114/><V128/><F128/><W67/><G135/><T68/><D68/><U127/><E127/><V106/><F51/><W81/><G111/><T99/><D64/><U56/><E133/><V72/><F106/><W97/><G110/><T50/><D0/><U12/><E79/><V109/><F109/><W44/><G11/><T18/><D6/><U93/><E56/><V118/><F118/><W116/><G116/><T70/><D70/><U85/><E35/><V132/><F132/><W101/><G81/><N who="2" m="20737" /><V27/><DORA hai="25" /><F2/><W34/><G34/><T53/><D78/><U40/><E40/><V45/><F27/><W113/><G61/><T15/><D50/><U65/><E65/><V66/><F5/><W129/><G129/><T46/><D39/><U14/><E26/><V131/><F131/><W32/><G32/><T58/><D15/><U108/><E108/><V43/><F66/><W24/><G113/><T74/><D74/><N who="2" m="28778" /><F43/><W33/><G33/><T48/><D41/><U75/><E75/><V88/><F45/><W103/><REACH who="3" step="1"/><G76/><REACH who="3" ten="435,104,230,221" step="2"/><T28/><D46/><U7/><E105/><V36/><F36/><AGARI ba="3,1" hai="17,23,24,36,42,44,59,62,67,95,97,100,101,103" machi="36" ten="30,12000,2" yaku="1,1,2,1,7,1,52,1,53,3" doraHai="90,25" doraHaiUra="96,3" who="3" fromWho="2" sc="435,0,104,0,230,-129,221,139" /><INIT seed="5,0,0,2,2,26" ten="435,104,101,360" oya="1" hai0="107,10,102,44,65,75,121,1,131,134,70,28,9" hai1="50,111,117,27,5,37,23,116,30,125,17,92,53" hai2="31,77,88,49,132,118,21,54,96,35,106,62,20" hai3="18,7,67,80,109,61,48,45,126,6,81,89,87"/><U36/><E5/><V8/><F8/><W85/><G109/><T91/><D91/><U124/><E111/><V58/><F118/><W73/><G73/><T29/><D29/><U110/><E110/><V39/><F132/><W12/><G61/><N who="0" m="40239" /><D10/><U127/><E92/><V3/><F39/><N who="1" m="14921" /><E17/><V94/><F3/><W38/><G67/><T115/><D44/><AGARI ba="0,0" hai="23,27,30,44,50,53,116,117,124,125,127" m="14921" machi="44" ten="40,3900,0" yaku="18,1,52,1" doraHai="26" who="1" fromWho="0" sc="435,-39,104,39,101,0,360,0" /><INIT seed="5,1,0,4,4,19" ten="396,143,101,360" oya="1" hai0="80,64,25,98,55,91,9,82,107,57,36,118,24" hai1="32,17,70,79,33,14,5,65,46,13,68,63,35" hai2="6,44,117,122,34,123,16,134,0,62,103,88,112" hai3="40,115,54,78,3,135,41,53,93,59,47,111,72"/><U81/><E68/><V95/><F117/><W1/><G78/><T84/><D118/><U52/><E5/><V4/><F134/><W50/><G72/><T106/><D36/><U23/><E14/><V126/><F126/><W92/><G135/><T116/><D116/><U104/><E104/><V131/><F131/><W69/><G69/><T27/><D64/><U39/><E39/><V10/><F112/><W58/><G47/><T87/><D9/><U20/><E20/><V31/><F44/><W38/><G38/><T29/><D98/><U7/><E7/><N who="2" m="1383" /><F62/><W86/><G86/><T75/><D75/><U99/><E99/><V129/><F103/><W120/><G50/><T15/><D15/><U21/><E21/><V105/><F105/><W102/><G102/><T124/><D124/><U133/><E133/><V90/><F129/><W12/><G12/><T110/><D110/><U67/><E67/><V97/><F90/><W121/><REACH who="3" step="1"/><G111/><REACH who="3" ten="396,143,101,350" step="2"/><T18/><D106/><U22/><E79/><V77/><F123/><W37/><G37/><T74/><D107/><U45/><E45/><V26/><F77/><W30/><G30/><T61/><D29/><U76/><E76/><V66/><F122/><W60/><G60/><T42/><D61/><U48/><REACH who="1" step="1"/><E81/><REACH who="1" ten="396,133,101,350" step="2"/><V125/><F66/><W132/><G132/><T43/><D82/><U100/><E100/><V128/><F125/><W85/><G85/><T49/><D84/><U94/><E94/><V83/><F128/><W101/><G101/><T119/><D80/><U56/><E56/><V130/><F83/><W11/><G11/><RYUUKYOKU ba="1,2" sc="396,-15,133,15,101,-15,350,15" hai1="13,17,22,23,32,33,35,46,48,52,63,65,70" hai3="1,3,40,41,53,54,58,59,92,93,115,120,121" /><INIT seed="5,2,2,2,0,19" ten="381,148,86,365" oya="1" hai0="56,69,80,50,134,25,57,20,7,51,92,16,21" hai1="42,75,18,98,129,117,60,55,103,44,14,68,88" hai2="46,24,122,96,105,112,67,93,65,120,27,83,91" hai3="101,71,30,34,61,5,43,23,53,38,106,114,45"/><U85/><E117/><V41/><F112/><W82/><G34/><T15/><D134/><U72/><E129/><V127/><F127/><W31/><G114/><T99/><D69/><U36/><E68/><V2/><F2/><W54/><G101/><N who="0" m="60647" /><D80/><U66/><E103/><V90/><F105/><W76/><G106/><T107/><D107/><U28/><E98/><V87/><F122/><W115/><G71/><T1/><D1/><U119/><E119/><V74/><F74/><W40/><G40/><T133/><D133/><U130/><E130/><V4/><F120/><W17/><G5/><T135/><D135/><U12/><E66/><V109/><F4/><W35/><G35/><T3/><D3/><U22/><E14/><V29/><F109/><W95/><G95/><T33/><D33/><U79/><E28/><V0/><F0/><W81/><G81/><T73/><D7/><U78/><E60/><V11/><F11/><W70/><G70/><T49/><D73/><U126/><E126/><V58/><F29/><AGARI ba="2,2" hai="15,16,20,21,25,29,49,50,51,56,57" m="60647" machi="29" ten="30,7700,0" yaku="8,1,52,2,54,1" doraHai="19" who="0" fromWho="2" sc="381,103,148,0,86,-83,365,0" /><INIT seed="6,0,0,1,0,34" ten="484,148,3,365" oya="2" hai0="85,91,35,75,99,111,43,107,2,25,97,19,83" hai1="109,104,8,103,74,80,7,95,76,3,94,16,6" hai2="101,0,31,56,77,119,20,123,108,122,114,131,62" hai3="22,133,130,100,79,59,134,33,82,93,121,92,47"/><V45/><F77/><W87/><G33/><T5/><D111/><U54/><E109/><V53/><F101/><W61/><G121/><T70/><D70/><U38/><E38/><V39/><F0/><W63/><G47/><T69/><D69/><U26/><E104/><V72/><F20/><W57/><G100/><T24/><D24/><U110/><E110/><V27/><F72/><W112/><G22/><T89/><D99/><U50/><E7/><V30/><F27/><W66/><G112/><T86/><D75/><U65/><E65/><V58/><F108/><W41/><G41/><T36/><D36/><U127/><E127/><V116/><F30/><W29/><G29/><T120/><D120/><N who="2" m="46122" /><F31/><W105/><G105/><T17/><D2/><U28/><E103/><V11/><F11/><W10/><G10/><T71/><D25/><U73/><E73/><V4/><F4/><W40/><G40/><T90/><D43/><U67/><E67/><V129/><F114/><W1/><G130/><N who="2" m="49673" /><F58/><W23/><G23/><T14/><D5/><U128/><E128/><V84/><F84/><W9/><G92/><T37/><D85/><U68/><E68/><V81/><F81/><W96/><G93/><T78/><D71/><U98/><E98/><V115/><F115/><W64/><G96/><T55/><D83/><U125/><E125/><V106/><F106/><W15/><G15/><T126/><D14/><U21/><REACH who="1" step="1"/><E28/><REACH who="1" ten="484,138,3,365" step="2"/><V132/><F132/><W52/><G133/><T46/><D107/><U44/><AGARI ba="0,1" hai="3,6,8,16,21,26,44,50,54,74,76,80,94,95" machi="44" ten="20,12000,2" yaku="1,1,2,1,0,1,7,1,52,1,54,1,53,0" doraHai="34" doraHaiUra="102" who="1" fromWho="1" sc="484,-30,138,130,3,-60,365,-30" owari="454,55,268,-13,-57,-56,335,14" /></mjloggm>