<mjloggm ver="2.3"><GO type="9" lobby="4217"/><UN n0="%E7%95%99%E8%90%8C" n1="%4B%2E%46%2E" n2="%68%61%79%61%73%68%69%34" n3="%72%5F%68%69%72%6F%73%65" dan="11,0,0,0" rate="1571.03,1500.00,1500.00,1500.00" sx="F,M,M,M"/><TAIKYOKU oya="0"/><INIT seed="0,0,0,5,2,32" ten="250,250,250,250" oya="0" hai0="108,100,20,77,121,24,134,80,115,17,59,99,52" hai1="7,64,25,18,120,79,101,55,69,15,75,92,135" hai2="127,107,129,4,122,123,128,93,47,109,95,49,28" hai3="12,3,114,10,110,81,61,87,57,90,68,86,78"/><T16/><D121/><U38/><E120/><V58/><F109/><W39/><G110/><T67/><D108/><U1/><E38/><V30/><F122/><W31/><G39/><T130/><D115/><U113/><E113/><V44/><F123/><W63/><G114/><T74/><D67/><U102/><E135/><V54/><F107/><W112/><G112/><T19/><D130/><N who="2" m="50282" /><F127/><W46/><G31/><T29/><D134/><U33/><E79/><V124/><F124/><W9/><G46/><T42/><D42/><U118/><E118/><V50/><F4/><N who="3" m="1183" /><G68/><T126/><D126/><U91/><E75/><V43/><F93/><N who="3" m="54487" /><G57/><T97/><REACH who="0" step="1"/><D100/><REACH who="0" ten="240,250,250,250" step="2"/><U73/><E64/><V116/><F43/><W51/><G51/><AGARI ba="0,1" hai="16,17,19,20,24,29,51,52,59,74,77,80,97,99" machi="51" ten="40,12000,1" yaku="1,1,2,1,54,2,53,0" doraHai="32" doraHaiUra="0" who="0" fromWho="3" sc="240,130,250,0,250,0,250,-120" /><INIT seed="0,1,0,0,3,85" ten="370,250,250,130" oya="0" hai0="118,129,40,91,73,102,130,131,60,109,115,37,112" hai1="23,42,77,88,10,121,32,74,17,82,55,119,36" hai2="29,80,41,124,86,75,128,6,108,0,5,83,63" hai3="7,1,127,103,46,90,69,111,15,12,132,33,39"/><T58/><D118/><U26/><E121/><V38/><F108/><W45/><G111/><T105/><D109/><U135/><E119/><V100/><F100/><W104/><G69/><T98/><D73/><U21/><E135/><V25/><F124/><W96/><G132/><T70/><D70/><U24/><E32/><V110/><F110/><W9/><G127/><T126/><D126/><U113/><E113/><N who="0" m="43593" /><D37/><U87/><E55/><V35/><F128/><W114/><G33/><T97/><D40/><U93/><E42/><V53/><F75/><W59/><G114/><T72/><D72/><U51/><E51/><V106/><F106/><W68/><G90/><T27/><D27/><U8/><REACH who="1" step="1"/><E36/><REACH who="1" ten="370,240,250,130" step="2"/><V71/><F71/><W89/><G68/><T101/><D58/><U3/><E3/><V4/><F0/><W13/><G59/><T49/><D49/><U92/><E92/><V122/><F122/><W84/><REACH who="3" step="1"/><G39/><REACH who="3" ten="370,240,250,120" step="2"/><T19/><D60/><U123/><E123/><V56/><REACH who="2" step="1"/><F86/><REACH who="2" ten="370,240,240,120" step="2"/><W11/><G11/><T116/><D131/><U47/><E47/><AGARI ba="1,3" hai="4,5,6,25,29,35,38,41,47,53,56,63,80,83" machi="47" ten="40,2600,0" yaku="1,1,2,1,53,0" doraHai="85" doraHaiUra="81" who="2" fromWho="1" sc="370,0,240,-29,240,59,120,0" /><INIT seed="1,0,0,2,3,18" ten="370,211,299,120" oya="1" hai0="128,67,91,11,12,52,73,82,106,30,94,101,15" hai1="125,123,114,55,43,62,122,132,39,77,14,80,53" hai2="29,20,112,70,37,124,8,95,89,115,108,41,71" hai3="113,65,28,3,60,96,129,98,54,42,38,102,121"/><U75/><E114/><V49/><F108/><W131/><G113/><T93/><D128/><N who="3" m="49225" /><G121/><T48/><D30/><U97/><E132/><V118/><F115/><W117/><G3/><T104/><D67/><U51/><E125/><V17/><F112/><W33/><G117/><T135/><D135/><U107/><E123/><V133/><F118/><W22/><G38/><T88/><D73/><U120/><E120/><V69/><F133/><W35/><G42/><T105/><D82/><U61/><E122/><V59/><F124/><W90/><G90/><T66/><D66/><U68/><E14/><V34/><F8/><W87/><G87/><T16/><D15/><U7/><E7/><V76/><F76/><W46/><G22/><T1/><D1/><U27/><E27/><V4/><F4/><W79/><G79/><T0/><D0/><U126/><E126/><V64/><F64/><W36/><G102/><T57/><REACH who="0" step="1"/><D101/><REACH who="0" ten="360,211,299,120" step="2"/><U24/><E24/><V86/><F59/><N who="3" m="37023" /><G28/><T26/><D26/><U119/><E119/><V58/><F58/><W5/><G5/><T10/><D10/><U74/><E74/><V13/><F34/><W116/><G36/><T56/><D56/><U110/><E110/><V72/><F72/><W47/><G116/><T19/><D19/><U45/><E80/><V6/><F6/><W130/><G130/><T2/><D2/><U44/><E44/><N who="3" m="16938" /><G54/><T9/><D9/><U100/><E45/><V103/><F17/><W99/><AGARI ba="0,1" hai="33,35,96,98,99" m="16938,37023,49225" machi="99" ten="40,1500,0" yaku="19,1" doraHai="18" who="3" fromWho="3" sc="360,-4,211,-7,299,-4,120,25" /><INIT seed="2,0,0,4,5,131" ten="356,204,295,145" oya="2" hai0="126,87,74,6,27,1,25,43,59,63,29,135,19" hai1="93,58,35,38,24,64,115,89,77,130,23,50,15" hai2="86,119,102,48,134,111,97,49,118,9,31,132,68" hai3="94,5,20,32,108,51,82,54,46,100,39,60,107"/><V95/><F68/><W40/><G108/><T26/><D74/><U10/><E115/><V47/><F111/><W92/><G82/><T62/><D43/><U121/><E121/><V30/><F118/><W114/><G114/><T110/><D110/><U55/><E38/><V33/><F119/><W123/><G123/><T116/><D116/><U106/><E106/><V57/><F9/><W72/><G72/><T113/><D113/><U36/><E36/><V109/><F109/><W78/><G32/><T133/><D126/><U91/><E35/><V75/><F75/><W28/><G5/><T104/><D104/><U103/><E130/><V125/><F125/><W67/><G78/><T37/><D37/><U17/><E103/><V98/><F86/><W83/><G83/><T105/><D105/><U81/><E64/><V3/><F3/><W76/><G76/><T2/><D87/><U85/><REACH who="1" step="1"/><E93/><REACH who="1" ten="356,194,295,145" step="2"/><V80/><F33/><W84/><G28/><AGARI ba="0,1" hai="10,15,17,23,24,28,50,55,58,77,81,85,89,91" machi="28" ten="30,7700,0" yaku="1,1,2,1,7,1,8,1,53,0" doraHai="131" doraHaiUra="99" who="1" fromWho="3" sc="356,0,194,87,295,0,145,-77" /><INIT seed="3,0,0,3,1,132" ten="356,281,295,68" oya="3" hai0="20,106,112,16,125,62,31,61,72,81,131,99,27" hai1="113,19,56,17,78,65,63,95,73,14,128,47,13" hai2="96,50,124,2,114,90,89,83,36,80,18,7,75" hai3="53,133,117,38,110,25,102,5,37,67,105,130,51"/><W32/><G130/><T135/><D131/><U79/><E113/><V84/><F114/><W58/><G133/><T4/><D112/><U100/><E128/><V9/><F36/><N who="3" m="13931" /><G117/><T57/><D135/><U93/><E47/><V123/><F50/><W121/><G110/><T134/><D134/><U54/><E73/><V40/><F123/><W127/><G5/><T108/><D108/><U64/><E100/><V10/><F40/><W109/><G109/><T74/><D4/><U120/><E120/><V0/><F124/><W91/><G91/><T103/><D125/><U87/><E87/><V29/><F29/><W41/><G121/><T66/><D62/><U118/><E118/><V6/><F18/><W68/><G127/><T55/><D66/><U70/><E70/><V39/><F39/><W94/><G32/><T49/><D49/><U45/><E45/><V77/><REACH who="2" step="1"/><F90/><REACH who="2" ten="356,281,285,68" step="2"/><W35/><G35/><T46/><D31/><U107/><E63/><V48/><F48/><W97/><G25/><T22/><D46/><U26/><E26/><V12/><F12/><W92/><G41/><T33/><D33/><U1/><E1/><V111/><F111/><W42/><G42/><T24/><D81/><U126/><E126/><V28/><F28/><W88/><G51/><T115/><D115/><U59/><E107/><V85/><F85/><W69/><G68/><T119/><D119/><U122/><E122/><V30/><F30/><W11/><G11/><T116/><D116/><U34/><E34/><V76/><F76/><W86/><G69/><T43/><D43/><U52/><AGARI ba="0,1" hai="13,14,17,19,52,54,56,59,64,65,78,79,93,95" machi="52" ten="25,12000,2" yaku="5,1,0,1,22,2,8,1,54,1" doraHai="132" who="1" fromWho="1" sc="356,-30,281,130,285,-30,68,-60" /><INIT seed="4,0,0,5,2,12" ten="326,411,255,8" oya="0" hai0="52,13,1,87,10,36,2,32,95,83,78,19,30" hai1="134,73,29,17,64,49,84,114,47,61,28,40,8" hai2="119,41,0,53,123,59,37,6,130,133,109,107,125" hai3="39,71,108,63,70,20,120,45,24,110,85,4,65"/><T51/><D36/><U90/><E73/><V68/><RYUUKYOKU type="yao9" ba="0,0" sc="326,0,411,0,255,0,8,0" hai2="0,6,37,41,53,59,68,107,109,119,123,125,130,133" /><INIT seed="4,1,0,5,3,22" ten="326,411,255,8" oya="0" hai0="31,93,26,96,103,55,77,49,110,105,67,46,34" hai1="78,43,14,122,17,10,115,119,79,121,112,59,11" hai2="47,92,51,9,95,40,88,87,109,58,89,120,21" hai3="116,52,131,104,54,81,75,5,44,124,66,126,90"/><T118/><D118/><U64/><E119/><V57/><F109/><W13/><G116/><T7/><D7/><U73/><E43/><V36/><F120/><W8/><G131/><T84/><D67/><U129/><E129/><V133/><F133/><W106/><G75/><T98/><D110/><U41/><E41/><V113/><F113/><W1/><G66/><T125/><D125/><N who="3" m="48233" /><G44/><T4/><D4/><U0/><E0/><V60/><F9/><W23/><G81/><T35/><D35/><U69/><E69/><V123/><F123/><W91/><G23/><T83/><REACH who="0" step="1"/><D96/><REACH who="0" ten="316,411,255,8" step="2"/><U42/><E122/><V134/><F134/><W2/><G2/><T127/><D127/><U28/><E121/><V37/><F21/><W70/><G70/><T117/><D117/><U48/><E64/><V53/><REACH who="2" step="1"/><F58/><REACH who="2" ten="316,411,245,8" step="2"/><W39/><G39/><T20/><D20/><U30/><E59/><V135/><F135/><W63/><G63/><T15/><D15/><U3/><E14/><V16/><F16/><W45/><G54/><T102/><D102/><U33/><E17/><V99/><AGARI ba="1,2" hai="36,37,40,47,51,53,57,60,87,88,89,92,95,99" machi="99" ten="20,5200,0" yaku="1,1,0,1,7,1,54,1,53,0" doraHai="22" doraHaiUra="76" who="2" fromWho="2" sc="316,-27,411,-14,245,75,8,-14" owari="289,-11,397,50,320,12,-6,-51" /></mjloggm>