<mjloggm ver="2.3"><GO type="11" lobby="2789"/><UN n0="%6B%61%67%65%72%69" n1="%E3%81%B5%E3%81%89%E3%81%8E%E3%83%BC" n2="%E7%95%99%E8%90%8C" n3="%6E%61%6B%6B%61%61" dan="9,0,11,0" rate="1360.02,1500.00,1553.17,1500.00" sx="M,M,F,M"/><TAIKYOKU oya="0"/><INIT seed="0,0,0,2,5,83" ten="250,250,250,250" oya="0" hai0="79,33,102,23,113,73,42,128,20,9,80,131,119" hai1="21,45,64,112,120,51,132,81,47,103,12,61,92" hai2="41,44,16,34,118,74,26,59,100,98,95,123,107" hai3="125,15,57,4,75,97,52,72,111,28,89,122,116"/><T7/><D113/><U66/><E21/><V96/><F123/><W106/><G116/><T13/><D119/><U19/><E12/><V90/><F118/><W5/><G106/><T50/><D33/><U2/><E19/><V121/><F121/><W85/><G122/><T69/><D69/><U70/><E2/><V36/><F74/><W133/><G75/><T129/><D102/><U22/><E103/><V134/><F134/><W68/><G72/><T32/><D32/><U11/><E92/><V82/><F59/><W105/><G133/><T109/><D109/><U35/><E81/><V10/><F34/><W117/><G68/><T135/><D135/><U124/><E35/><V91/><F82/><W115/><G117/><T25/><D25/><U127/><E22/><V55/><F55/><W24/><G111/><T49/><D49/><U48/><E11/><V60/><F60/><W56/><G115/><T8/><D8/><U93/><E112/><V67/><F67/><N who="1" m="25641" /><E93/><V88/><REACH who="2" step="1"/><F26/><REACH who="2" ten="250,250,240,250" step="2"/><W101/><G125/><N who="1" m="48202" /><E120/><V37/><F37/><W46/><G15/><AGARI ba="0,1" hai="10,15,16,36,41,44,88,90,91,95,96,98,100,107" machi="15" ten="40,8000,1" yaku="1,1,53,3" doraHai="83" doraHaiUra="87" who="2" fromWho="3" sc="250,0,250,0,240,90,250,-80" /><INIT seed="1,0,0,1,0,110" ten="250,250,330,170" oya="1" hai0="101,121,49,93,52,58,47,16,91,17,67,61,99" hai1="132,20,109,53,107,35,129,7,95,27,25,80,28" hai2="124,84,133,11,72,38,71,14,134,29,6,65,85" hai3="12,44,32,1,126,40,19,86,97,122,116,36,18"/><U13/><E53/><V98/><F38/><W108/><G122/><T104/><REACH who="0" step="1"/><D121/><REACH who="0" ten="240,250,330,170" step="2"/><U81/><E107/><V79/><F29/><W59/><G1/><T70/><D70/><U128/><E109/><V74/><F124/><W102/><G126/><T8/><D8/><N who="1" m="4255" /><E95/><V15/><F71/><W94/><G32/><T33/><D33/><U64/><E64/><V42/><F65/><W48/><G108/><T75/><D75/><U105/><E132/><N who="2" m="50795" /><F72/><W34/><G34/><T82/><D82/><N who="1" m="31851" /><E129/><V57/><F74/><W31/><G116/><T92/><D92/><U114/><E128/><V2/><F42/><W43/><G43/><T23/><D23/><N who="1" m="15423" /><E114/><V112/><F112/><W39/><G39/><T30/><D30/><N who="1" m="17767" /><E35/><V37/><F37/><W22/><G36/><T106/><D106/><U3/><E3/><V73/><F73/><W78/><G40/><T50/><D50/><U83/><E105/><V51/><F98/><AGARI ba="0,1" hai="16,17,47,49,52,58,61,67,91,93,98,99,101,104" machi="98" ten="30,3900,0" yaku="21,2,7,1,53,0" doraHai="110" doraHaiUra="115" who="0" fromWho="2" sc="240,49,250,0,330,-39,170,0" /><INIT seed="2,0,0,1,1,84" ten="289,250,291,170" oya="2" hai0="14,56,87,40,54,12,15,67,78,53,76,59,111" hai1="70,43,49,23,68,6,25,132,3,135,38,96,89" hai2="32,117,126,100,20,47,118,90,66,114,120,129,57" hai3="104,105,74,26,88,122,16,7,95,29,28,34,41"/><V73/><F120/><W81/><G74/><T133/><D133/><U10/><E96/><V27/><F73/><W134/><G122/><T92/><D111/><U93/><E38/><V72/><F72/><W35/><G134/><N who="1" m="51242" /><E43/><V50/><F114/><W13/><G41/><T48/><D40/><U131/><E49/><V37/><F37/><W24/><G81/><T86/><D92/><U65/><E65/><V9/><F32/><W58/><G58/><T130/><D130/><U4/><E4/><V42/><F118/><W123/><G123/><T125/><D125/><U44/><E44/><V69/><F117/><W109/><G109/><T51/><D67/><U128/><E25/><V63/><F129/><N who="1" m="49737" /><E23/><V46/><F126/><W77/><G77/><AGARI ba="0,0" hai="12,14,15,48,51,53,54,56,59,76,77,78,86,87" machi="77" ten="40,2600,0" yaku="9,1,8,1" doraHai="84" who="0" fromWho="3" sc="289,26,250,0,291,0,170,-26" /><INIT seed="3,0,0,3,5,56" ten="315,250,291,144" oya="3" hai0="114,126,99,61,64,103,34,118,109,20,130,21,71" hai1="72,29,66,119,49,116,10,83,79,112,18,84,96" hai2="77,35,121,127,8,60,102,0,45,98,6,129,44" hai3="70,4,120,46,89,16,125,95,2,31,74,81,58"/><W38/><G38/><T134/><D118/><N who="1" m="45099" /><E66/><V22/><F35/><W69/><G120/><T100/><D134/><U36/><E49/><V85/><F121/><W55/><G125/><T117/><D34/><U90/><E36/><V52/><F127/><W101/><G74/><T67/><D114/><U7/><E29/><V33/><F33/><W11/><G46/><T107/><D126/><U113/><E18/><V3/><F129/><W1/><G1/><T133/><D117/><U68/><E7/><V15/><F22/><W106/><G106/><T42/><D133/><U30/><E30/><V111/><F111/><W25/><G16/><T63/><D130/><U26/><E68/><V132/><F132/><W50/><G31/><T5/><D109/><U97/><E26/><V93/><F77/><W122/><G25/><T43/><D100/><U40/><E10/><V39/><F39/><W123/><G122/><T80/><D80/><N who="1" m="45159" /><E40/><V88/><F0/><W73/><G73/><T75/><D75/><U78/><E78/><V47/><F3/><W57/><G123/><T128/><D128/><U115/><AGARI ba="0,0" hai="83,84,90,96,97,112,113,115" m="45159,45099" machi="115" ten="40,5200,0" yaku="12,1,34,2" doraHai="56" who="1" fromWho="1" sc="315,-13,250,52,291,-13,144,-26" /><INIT seed="4,0,0,2,0,45" ten="302,302,278,118" oya="0" hai0="34,122,22,29,74,59,135,26,15,42,114,62,134" hai1="31,38,75,68,124,14,118,84,52,11,25,96,53" hai2="91,55,112,4,73,9,36,89,44,82,32,113,123" hai3="17,23,19,43,111,50,76,103,16,131,93,30,12"/><T78/><D122/><U110/><E38/><V129/><F123/><W0/><G111/><T125/><D125/><U18/><E75/><V65/><F32/><W47/><G131/><T24/><D42/><U70/><E96/><V126/><F126/><W120/><G76/><T69/><D69/><U27/><E84/><V130/><F65/><W41/><G120/><T85/><D114/><N who="2" m="44138" /><F36/><W33/><G41/><T97/><D97/><U10/><E124/><V13/><F73/><W57/><G0/><T64/><D74/><U35/><E118/><V95/><F95/><W1/><G1/><T98/><D98/><U115/><E110/><V132/><F132/><N who="0" m="50730" /><D15/><U49/><E115/><V28/><F28/><W81/><G93/><T40/><D40/><U121/><E121/><V58/><F44/><N who="3" m="25887" /><G33/><T67/><D67/><U102/><E102/><V133/><F133/><W79/><G103/><T99/><D99/><U107/><E107/><V80/><F80/><W8/><G8/><N who="1" m="3114" /><E49/><N who="2" m="31087" /><F82/><W7/><G30/><N who="0" m="19783" /><D85/><U92/><E92/><V71/><F71/><N who="1" m="27177" /><E14/><V117/><F117/><W60/><G12/><T54/><D54/><N who="1" m="21099" /><E18/><V105/><F105/><W3/><G3/><T94/><D94/><U106/><E106/><V108/><F108/><W37/><G37/><T39/><D39/><U88/><E88/><AGARI ba="0,0" hai="4,9,13,88,89,91,129,130" m="31087,44138" machi="88" ten="30,2000,0" yaku="15,1,52,1" doraHai="45" who="2" fromWho="1" sc="302,0,302,-20,278,20,118,0" /><INIT seed="5,0,0,0,3,83" ten="302,282,298,118" oya="1" hai0="43,68,49,134,10,65,53,94,0,116,120,131,88" hai1="2,90,106,54,12,71,66,41,89,81,117,109,40" hai2="35,22,34,112,24,42,59,30,56,39,27,11,61" hai3="118,20,93,101,99,87,111,74,44,107,14,5,6"/><U75/><E12/><V132/><F112/><W97/><G111/><T36/><D116/><U48/><E2/><V105/><F105/><W52/><G74/><T8/><D131/><U3/><E106/><V33/><F132/><W73/><G73/><T1/><D134/><U130/><E3/><V19/><F39/><W114/><G118/><T128/><D120/><U102/><E117/><V25/><F42/><W108/><G108/><T15/><D0/><U18/><E18/><V7/><F61/><W115/><G107/><T124/><D1/><U28/><E28/><V125/><F59/><W129/><G129/><T77/><D128/><U133/><E130/><V110/><F56/><W37/><G37/><T119/><D124/><U4/><E4/><V104/><F104/><W100/><G87/><N who="0" m="52511" /><D119/><U58/><E109/><V21/><F110/><W13/><G13/><T72/><D72/><U62/><E75/><V91/><F91/><W67/><G67/><T82/><D77/><U70/><E81/><V92/><F92/><N who="3" m="58407" /><G14/><T85/><D15/><U51/><E102/><V26/><F125/><W38/><G38/><T31/><D31/><U95/><E95/><V76/><F76/><W63/><G63/><N who="0" m="39999" /><D85/><U23/><E23/><V69/><F69/><N who="1" m="26121" /><E133/><V79/><F79/><W126/><G126/><T80/><D82/><U32/><E90/><V84/><F84/><W96/><G96/><T57/><D80/><U45/><E89/><V135/><F135/><W123/><G20/><N who="2" m="7785" /><F30/><W16/><G123/><T121/><D121/><U103/><E103/><V46/><F46/><AGARI ba="0,0" hai="8,10,36,43,46,49,53,57" m="39999,52511" machi="46" ten="30,2000,0" yaku="24,1,52,1" doraHai="83" who="0" fromWho="2" sc="302,20,282,0,298,-20,118,0" /><INIT seed="6,0,0,1,0,112" ten="322,282,278,118" oya="2" hai0="90,24,66,25,132,1,9,45,121,16,50,108,114" hai1="2,11,60,117,88,92,58,133,34,3,38,89,70" hai2="96,94,123,61,78,26,83,14,17,44,72,10,110" hai3="53,21,28,64,80,73,79,40,69,97,99,71,19"/><V95/><F123/><W35/><G40/><T46/><D121/><U128/><E38/><V54/><F110/><W129/><G129/><T57/><D132/><U41/><E41/><V48/><F61/><W116/><G116/><T119/><D114/><U18/><E117/><V98/><REACH who="2" step="1"/><F26/><REACH who="2" ten="322,282,268,118" step="2"/><W126/><G35/><T101/><D108/><U4/><E128/><V75/><F75/><W104/><G73/><T20/><D24/><U93/><E133/><V115/><F115/><W51/><G126/><T103/><D1/><N who="1" m="11" /><E34/><V32/><F32/><W27/><G28/><T131/><D131/><U0/><E18/><V36/><F36/><W107/><G107/><T74/><D74/><U102/><E70/><V68/><F68/><W59/><G104/><T43/><D66/><U87/><E60/><V39/><F39/><W135/><G135/><T65/><D65/><U109/><E58/><V63/><F63/><W122/><G122/><T81/><D25/><U105/><E109/><V31/><F31/><W130/><G130/><T23/><D23/><U22/><E22/><V86/><F86/><W113/><G113/><T124/><D124/><U33/><E33/><V111/><F111/><W76/><G71/><T49/><D49/><U118/><E118/><V56/><F56/><W85/><REACH who="3" step="1"/><G79/><REACH who="3" ten="322,282,268,108" step="2"/><T77/><D77/><U12/><E12/><V7/><F7/><W8/><G8/><T52/><D43/><U30/><E30/><V62/><F62/><AGARI ba="0,2" hai="19,21,27,51,53,59,62,64,69,76,80,85,97,99" machi="62" ten="40,1300,0" yaku="1,1,53,0" doraHai="112" doraHaiUra="120" who="3" fromWho="2" sc="322,0,282,0,268,-13,108,33" /><INIT seed="7,0,0,0,1,41" ten="322,282,255,141" oya="3" hai0="100,9,56,3,94,10,72,32,85,24,81,4,86" hai1="69,20,117,62,101,19,58,18,23,118,79,108,0" hai2="15,132,104,39,116,113,89,66,6,127,71,2,33" hai3="124,84,120,123,12,60,1,77,88,27,115,74,99"/><W67/><G120/><T98/><D72/><U59/><E101/><V42/><F116/><N who="1" m="44649" /><E79/><V92/><F104/><W8/><G123/><T45/><D32/><U65/><E108/><V82/><F82/><W54/><G1/><T25/><D9/><U95/><E95/><V11/><F15/><W91/><G115/><T87/><D81/><U135/><E0/><V105/><F113/><W31/><G124/><T47/><REACH who="0" step="1"/><D56/><REACH who="0" ten="312,282,255,141" step="2"/><N who="1" m="21547" /><E135/><V125/><F132/><W49/><G74/><T111/><D111/><U51/><E51/><V7/><F33/><W119/><G119/><T46/><AGARI ba="0,1" hai="3,4,10,24,25,45,46,47,85,86,87,94,98,100" machi="46" ten="30,8000,1" yaku="1,1,0,1,52,3,53,0" doraHai="41" doraHaiUra="78" who="0" fromWho="0" sc="312,90,282,-20,255,-20,141,-40" owari="402,50,262,6,235,-16,101,-40" /></mjloggm>