<mjloggm ver="2.3"><GO type="137" lobby="0"/><UN n0="%E3%81%AF%E3%83%BC%E3%81%93%E3%81%95%E3%82%93" n1="%E7%9A%87%E6%98%9F" n2="%E7%95%99%E8%90%8C" n3="%4D%6F%6E%61%72%63%61" dan="10,12,11,12" rate="1557.92,1589.36,1577.75,1652.46" sx="F,M,F,M"/><TAIKYOKU oya="0"/><INIT seed="0,0,0,1,4,61" ten="250,250,250,250" oya="0" hai0="83,117,7,95,39,90,116,98,121,36,47,32,29" hai1="40,123,13,129,69,21,16,4,20,106,19,76,2" hai2="70,118,45,34,5,64,110,101,94,10,38,49,6" hai3="66,63,55,11,73,86,99,122,12,44,25,132,33"/><T72/><D121/><U126/><E123/><V115/><F115/><W134/><G122/><T97/><D7/><U3/><E106/><V135/><F34/><W27/><G73/><T52/><D98/><U119/><E119/><V35/><F35/><W125/><G125/><T103/><D29/><U100/><E100/><V96/><F38/><W0/><G0/><T133/><D32/><U80/><E40/><V53/><F118/><N who="0" m="45674" /><D52/><U104/><E104/><V84/><F110/><W89/><G99/><T51/><D51/><U31/><E31/><V42/><F135/><N who="3" m="51755" /><G33/><T120/><D47/><U48/><E48/><V22/><F22/><W82/><G55/><T127/><D120/><U18/><E126/><V41/><F70/><N who="3" m="42335" /><G44/><T111/><D39/><U85/><E69/><V1/><F6/><AGARI ba="0,0" hai="6,11,12,25,27,82,86,89" m="42335,51755" machi="6" ten="30,2000,0" yaku="20,1,52,1" doraHai="61" who="3" fromWho="2" sc="250,0,250,0,250,-20,250,20" /><INIT seed="1,0,0,5,3,56" ten="250,250,230,270" oya="1" hai0="30,79,74,4,19,85,59,12,40,96,47,104,107" hai1="101,46,61,62,118,26,109,123,70,80,73,0,95" hai2="78,8,11,25,44,37,76,91,36,125,122,106,75" hai3="6,7,93,114,65,41,135,9,113,119,13,50,131"/><U129/><E118/><V14/><F122/><W127/><G119/><T28/><D107/><U24/><E123/><V32/><F106/><W15/><G131/><T52/><D104/><U35/><E0/><V3/><F3/><W88/><G135/><T103/><D74/><U134/><E70/><V128/><F128/><W48/><G127/><T105/><D4/><U21/><E129/><V108/><F108/><W77/><G65/><T82/><D40/><U86/><E73/><V16/><F125/><W110/><G110/><T117/><D117/><U42/><E109/><V34/><F34/><W84/><G77/><T49/><REACH who="0" step="1"/><D47/><REACH who="0" ten="240,250,230,270" step="2"/><U120/><E120/><V43/><F75/><W58/><G41/><T51/><D51/><N who="1" m="27095" /><E134/><V23/><F36/><W71/><G71/><T102/><D102/><U20/><E35/><V90/><F76/><W69/><G69/><T5/><D5/><U63/><E101/><V57/><F78/><W33/><G33/><T29/><D29/><U1/><E95/><V2/><F2/><W54/><REACH who="3" step="1"/><G48/><REACH who="3" ten="240,250,230,260" step="2"/><T72/><D72/><U98/><E98/><V112/><F112/><W111/><G111/><T126/><D126/><U94/><E1/><V130/><F130/><W89/><G89/><T53/><D53/><U97/><E97/><V99/><F91/><W18/><G18/><T133/><D133/><U67/><E67/><V121/><F99/><W92/><G92/><T81/><D81/><U39/><E94/><V38/><F121/><W124/><G124/><T27/><D27/><N who="1" m="10283" /><E39/><V55/><F90/><AGARI ba="0,2" hai="20,21,61,62,63,80,86,90" m="10283,27095" machi="90" ten="30,11600,0" yaku="8,1,52,3" doraHai="56" who="1" fromWho="2" sc="240,0,250,136,230,-116,260,0" /><INIT seed="1,1,0,1,0,84" ten="240,386,114,260" oya="1" hai0="37,41,125,122,127,49,74,50,134,98,18,45,88" hai1="131,47,76,87,62,121,75,11,78,33,132,4,6" hai2="32,126,57,48,7,79,111,99,12,130,15,133,135" hai3="9,68,21,97,60,81,67,58,113,128,77,3,66"/><U30/><E121/><V101/><F32/><W100/><G128/><T14/><D74/><U25/><E131/><V118/><F118/><W39/><G113/><T55/><D122/><U92/><E6/><V82/><F130/><W103/><G39/><T102/><D134/><N who="2" m="51210" /><F111/><W56/><G67/><T53/><D102/><U116/><E116/><V115/><F126/><N who="0" m="48138" /><D37/><U106/><E106/><V120/><F120/><W86/><G103/><T61/><D61/><U20/><E62/><V123/><F123/><W28/><G3/><T72/><D72/><U93/><E33/><V91/><F115/><W10/><G68/><T109/><D109/><U63/><E63/><V64/><F7/><W89/><G56/><T85/><D98/><U96/><E92/><N who="2" m="58599" /><F91/><W44/><G77/><N who="1" m="29802" /><E75/><N who="2" m="43391" /><F48/><W94/><REACH who="3" step="1"/><G44/><REACH who="3" ten="240,386,114,250" step="2"/><T13/><D50/><U2/><E47/><V31/><F64/><W51/><G51/><T8/><D14/><N who="1" m="5479" /><E132/><V119/><F119/><W1/><G1/><T27/><D27/><AGARI ba="1,1" hai="9,10,21,27,28,58,60,66,81,86,89,94,97,100" machi="27" ten="40,8000,1" yaku="1,1,25,2,8,1,52,1,53,0" doraHai="84" doraHaiUra="29" who="3" fromWho="0" sc="240,-83,386,0,114,0,250,93" /><INIT seed="2,0,0,5,5,47" ten="157,386,114,343" oya="2" hai0="73,7,53,12,122,71,76,115,6,46,131,31,60" hai1="15,69,77,35,109,86,135,40,125,87,99,124,129" hai2="59,82,110,26,88,84,18,119,23,62,96,57,83" hai3="44,4,29,11,58,98,89,3,85,79,45,34,38"/><V104/><F119/><W39/><G79/><T116/><D122/><U108/><E35/><V32/><F110/><N who="1" m="42601" /><E69/><V14/><F104/><W54/><G34/><T90/><D115/><U43/><E15/><V117/><F117/><W93/><G29/><T72/><D116/><U64/><E64/><V133/><F133/><W67/><G67/><T20/><D131/><U105/><E135/><V81/><F96/><W92/><G39/><T1/><D1/><U48/><E129/><V68/><F68/><W63/><REACH who="3" step="1"/><G38/><REACH who="3" ten="157,386,114,333" step="2"/><T25/><D76/><U120/><E120/><V56/><REACH who="2" step="1"/><F62/><REACH who="2" ten="157,386,104,333" step="2"/><W49/><G49/><T130/><D60/><U27/><E48/><V118/><F118/><W101/><AGARI ba="0,2" hai="3,4,11,44,45,54,58,63,85,89,92,93,98,101" machi="101" ten="20,2700,0" yaku="1,1,0,1,7,1,53,0" doraHai="47" doraHaiUra="22" who="3" fromWho="3" sc="157,-7,386,-7,104,-13,333,47" /><INIT seed="3,0,0,3,2,69" ten="150,379,91,380" oya="3" hai0="43,135,35,23,52,107,41,111,70,34,103,78,88" hai1="86,3,85,97,5,55,131,26,48,46,2,63,116" hai2="6,110,57,8,31,119,21,40,100,60,128,87,115" hai3="12,17,62,9,134,29,130,83,133,76,74,99,36"/><W15/><G130/><T44/><D70/><U132/><E131/><V53/><F119/><W37/><G29/><T114/><D111/><U39/><E116/><V24/><F115/><W121/><G121/><T77/><D135/><N who="3" m="51721" /><G62/><T105/><D114/><U59/><E26/><V14/><F128/><W33/><G33/><T68/><D68/><U13/><E132/><V27/><F110/><W120/><G120/><T93/><D23/><U30/><E30/><V50/><F100/><W45/><G99/><T66/><D66/><U65/><E97/><V82/><F40/><W4/><G45/><T38/><D43/><U49/><E86/><V104/><F104/><W109/><G109/><T125/><D125/><U67/><E49/><V11/><F11/><AGARI ba="0,0" hai="4,9,11,12,15,17,36,37,74,76,83" m="51721" machi="11" ten="30,5800,0" yaku="20,1,52,2" doraHai="69" who="3" fromWho="2" sc="150,0,379,0,91,-58,380,58" /><INIT seed="3,1,0,1,0,35" ten="150,379,33,438" oya="3" hai0="8,88,84,9,110,13,75,60,28,11,74,26,83" hai1="66,116,47,36,51,59,14,89,57,50,131,55,43" hai2="124,76,108,61,118,71,15,44,22,134,120,19,105" hai3="115,21,90,54,52,49,65,10,123,130,96,107,41"/><W72/><G115/><T111/><D60/><U42/><E14/><V39/><F118/><W121/><G130/><T56/><D56/><U38/><E89/><V122/><F105/><W132/><G72/><T67/><D67/><U62/><E116/><V3/><F76/><W80/><G132/><T79/><D13/><U127/><E131/><V113/><F113/><W7/><G65/><T6/><D6/><U58/><E127/><V93/><F134/><W4/><G21/><T99/><D99/><U133/><E133/><V20/><F124/><W63/><G4/><T73/><D79/><U30/><E30/><V31/><F108/><W128/><G128/><T95/><REACH who="0" step="1"/><D83/><REACH who="0" ten="140,379,33,438" step="2"/><U25/><E25/><V77/><F122/><W112/><G121/><T33/><AGARI ba="1,1" hai="8,9,11,26,28,33,73,74,75,84,88,95,110,111" machi="33" ten="40,12000,2" yaku="1,1,2,1,0,1,54,1,53,3" doraHai="35" doraHaiUra="104" who="0" fromWho="0" sc="140,133,379,-31,33,-31,438,-61" /><INIT seed="4,0,0,5,5,120" ten="273,348,2,377" oya="0" hai0="48,72,123,54,67,94,92,82,35,14,77,32,121" hai1="88,103,19,33,57,16,22,126,101,49,110,65,31" hai2="96,76,15,118,104,85,84,102,74,10,119,78,34" hai3="9,60,113,29,4,93,68,42,91,97,58,87,98"/><T134/><D67/><U53/><E126/><V128/><F34/><W133/><G113/><T135/><D14/><U112/><E33/><N who="0" m="12873" /><D54/><U52/><E53/><V56/><F56/><W108/><G133/><N who="0" m="50699" /><D48/><U26/><E112/><V109/><F109/><W25/><G68/><T27/><D27/><U11/><E65/><V114/><F114/><W37/><G37/><T1/><D1/><U75/><E75/><V21/><F21/><N who="3" m="15535" /><G42/><T73/><D73/><U0/><E0/><V63/><F63/><W99/><G108/><T38/><D38/><U64/><E64/><V47/><F47/><W44/><G44/><T100/><D100/><N who="1" m="38475" /><E11/><V129/><F10/><W61/><G9/><T3/><D3/><U125/><E125/><V59/><F59/><W43/><G43/><T80/><D80/><U90/><E110/><V23/><F23/><W13/><G13/><T105/><D105/><U46/><E46/><V55/><F55/><N who="3" m="33887" /><G61/><T39/><D39/><U71/><E71/><V70/><F70/><W130/><G130/><N who="2" m="50281" /><F15/><W28/><G28/><T86/><D72/><U95/><E90/><V122/><F122/><W107/><G107/><T8/><D8/><U81/><E81/><N who="2" m="45207" /><F78/><W36/><G36/><T5/><D5/><AGARI ba="0,0" hai="4,5,87,91,93,97,98,99" m="33887,15535" machi="5" ten="30,1000,0" yaku="8,1" doraHai="120" who="3" fromWho="0" sc="273,-10,348,0,2,0,377,10" /><INIT seed="5,0,0,5,4,104" ten="263,348,2,387" oya="1" hai0="45,101,81,25,16,107,126,61,27,53,57,10,13" hai1="44,51,109,19,70,56,83,38,62,77,15,4,22" hai2="43,129,88,73,6,1,69,90,118,52,111,8,66" hai3="72,12,76,114,94,28,115,14,2,84,11,75,95"/><U127/><E70/><V87/><F118/><W124/><G124/><T46/><D126/><U35/><E35/><V132/><F111/><W21/><G2/><T79/><D101/><U42/><E127/><V65/><F73/><N who="3" m="28235" /><G76/><T31/><D107/><U82/><E109/><V41/><F132/><W108/><G108/><T120/><D120/><U20/><E38/><V71/><F129/><W17/><G28/><T133/><D133/><U37/><E37/><V24/><F24/><W121/><G84/><T7/><D27/><U29/><E4/><V100/><F100/><W39/><G39/><T85/><REACH who="0" step="1"/><D7/><REACH who="0" ten="253,348,2,387" step="2"/><U64/><E77/><V36/><F6/><N who="3" m="3191" /><G121/><T5/><D5/><U134/><E134/><V68/><F1/><W92/><G115/><T110/><D110/><U59/><E56/><V112/><F112/><W89/><G114/><T3/><D3/><U105/><E105/><V49/><F8/><W119/><G119/><T55/><D55/><U32/><E32/><AGARI ba="0,1" hai="10,13,16,25,31,32,45,46,53,57,61,79,81,85" machi="32" ten="30,7700,0" yaku="1,1,7,1,54,1,53,1" doraHai="104" doraHaiUra="23" who="0" fromWho="1" sc="253,87,348,-77,2,0,387,0" /><INIT seed="6,0,0,3,4,115" ten="340,271,2,387" oya="2" hai0="39,124,110,91,12,50,10,132,83,25,106,42,79" hai1="73,35,121,23,0,135,11,130,45,131,63,8,127" hai2="84,4,33,47,49,24,118,81,60,48,21,122,72" hai3="36,95,134,30,1,27,94,123,18,52,69,2,86"/><V55/><F122/><W119/><G134/><T67/><D106/><U113/><E73/><V88/><F33/><W100/><G123/><T62/><D132/><U125/><E121/><V66/><F4/><W22/><G119/><T40/><D110/><U13/><E63/><V53/><F118/><W20/><G36/><T104/><D124/><N who="1" m="47691" /><E35/><V99/><F72/><W108/><G69/><T133/><D133/><U98/><E98/><V112/><F112/><W93/><G108/><T6/><D104/><U68/><E68/><V5/><F5/><W32/><G100/><T90/><D39/><U114/><E45/><V128/><F128/><N who="1" m="49193" /><E135/><V41/><F99/><W105/><G105/><T117/><D25/><U7/><E23/><V82/><F82/><W38/><G32/><T26/><D26/><U111/><E111/><V29/><F49/><W102/><G38/><T76/><D117/><U87/><E87/><V37/><F37/><W85/><G102/><T71/><D76/><U14/><E14/><V64/><F64/><W74/><G74/><T57/><D71/><AGARI ba="0,0" hai="21,24,29,41,47,48,53,55,60,66,71,81,84,88" machi="71" ten="30,2900,0" yaku="7,1,54,1" doraHai="115" who="2" fromWho="0" sc="340,-29,271,0,2,29,387,0" /><INIT seed="6,1,0,3,1,128" ten="311,271,31,387" oya="2" hai0="63,89,11,39,16,7,123,112,19,82,102,8,1" hai1="73,86,74,119,91,85,21,94,28,132,125,31,114" hai2="134,34,127,48,117,10,4,69,120,90,99,109,115" hai3="106,30,97,71,96,51,57,26,122,95,101,72,14"/><V13/><F117/><W129/><G129/><T17/><D39/><U80/><E119/><V118/><F118/><W23/><G122/><T93/><D123/><U20/><E114/><V133/><F120/><W59/><G71/><T67/><D112/><U5/><E5/><V77/><F34/><W62/><G72/><T49/><D82/><U58/><E58/><V68/><F115/><W55/><G14/><T18/><D49/><U105/><E125/><V116/><F116/><W76/><G76/><T44/><D44/><U24/><E105/><V100/><F77/><W46/><REACH who="3" step="1"/><G62/><REACH who="3" ten="311,271,31,377" step="2"/><T2/><D102/><AGARI ba="1,1" hai="23,26,30,46,51,55,57,59,95,96,97,101,102,106" machi="102" ten="30,3900,0" yaku="1,1,2,1,7,1,53,0" doraHai="128" doraHaiUra="130" who="3" fromWho="0" sc="311,-42,271,0,31,0,377,52" /><INIT seed="7,0,0,1,1,53" ten="269,271,31,429" oya="3" hai0="35,77,86,60,101,118,33,61,92,106,7,14,135" hai1="70,2,13,63,109,125,72,102,9,12,56,74,38" hai2="87,117,15,20,82,100,119,62,4,71,1,133,126" hai3="96,22,44,5,46,18,41,23,65,90,130,26,91"/><W47/><G130/><T108/><D118/><U0/><E109/><V54/><F119/><W58/><G5/><T73/><D73/><U89/><E70/><V40/><F117/><W76/><G76/><T84/><D108/><U134/><E38/><V69/><F40/><W116/><G116/><T10/><D135/><U45/><E134/><V75/><F133/><W103/><G41/><T127/><D127/><U83/><E125/><V122/><F126/><W123/><G123/><T48/><D106/><U67/><E102/><V112/><F75/><W113/><G113/><T16/><D35/><U43/><E72/><V28/><F112/><W29/><G65/><T52/><D33/><U36/><E89/><V32/><F122/><W27/><G58/><T93/><D7/><U97/><E97/><V39/><F39/><W17/><G29/><T105/><D105/><AGARI ba="0,0" hai="17,18,22,23,26,27,44,46,47,90,91,96,103,105" machi="105" ten="40,2000,0" yaku="9,1" doraHai="53" who="3" fromWho="0" sc="269,-20,271,0,31,0,429,20" owari="249,-15,271,7,31,-47,449,55" /></mjloggm>