<mjloggm ver="2.3"><GO type="9" lobby="2789"/><UN n0="%E3%81%B5%E3%81%89%E3%81%8E%E3%83%BC" n1="%5A%75%74%73%75%6B%69" n2="%6E%61%6B%6B%61%61" n3="%E7%95%99%E8%90%8C" dan="0,12,0,11" rate="1500.00,1728.27,1500.00,1553.17" sx="M,M,M,F"/><TAIKYOKU oya="0"/><INIT seed="0,0,0,0,2,120" ten="250,250,250,250" oya="0" hai0="130,126,12,110,99,67,81,69,21,56,17,16,8" hai1="61,62,57,76,78,6,7,124,66,1,32,116,48" hai2="80,47,87,129,45,135,5,43,98,90,133,51,11" hai3="115,36,75,128,73,64,60,95,68,104,132,25,24"/><T27/><D99/><U46/><E116/><V103/><F129/><W15/><G115/><T71/><D81/><U109/><E109/><V83/><F47/><W23/><G104/><T19/><D56/><U31/><E124/><V40/><F40/><W54/><G128/><T122/><D130/><U33/><E1/><V0/><REACH who="2" step="1"/><F80/><REACH who="2" ten="250,250,240,250" step="2"/><W53/><G36/><T85/><D122/><U119/><E119/><V101/><F101/><W2/><G2/><T125/><D85/><U14/><E46/><V121/><F121/><W114/><G114/><T38/><D38/><U82/><E82/><V35/><F35/><W55/><G132/><T107/><D110/><U97/><E32/><V92/><AGARI ba="0,1" hai="0,5,11,43,45,51,83,87,90,92,98,103,133,135" machi="92" ten="30,2000,0" yaku="1,1,0,1,53,0" doraHai="120" doraHaiUra="106" who="2" fromWho="2" sc="250,-10,250,-5,240,30,250,-5" /><INIT seed="1,0,0,3,5,7" ten="240,245,270,245" oya="1" hai0="125,16,75,121,45,84,91,113,112,124,33,108,41" hai1="25,85,57,72,123,95,64,24,120,81,48,15,8" hai2="78,62,30,65,131,35,50,135,111,52,54,9,14" hai3="49,103,107,19,132,122,21,100,40,105,59,127,2"/><U58/><E72/><V22/><F35/><W53/><G122/><T66/><D33/><U11/><E123/><V17/><F78/><W0/><G127/><T83/><D66/><U55/><E120/><V20/><F111/><W126/><G126/><N who="0" m="48747" /><D45/><U115/><E115/><N who="0" m="44105" /><D41/><U133/><E133/><V39/><F135/><W63/><G132/><T1/><D1/><U74/><E74/><V93/><F39/><W134/><G134/><T97/><D16/><N who="1" m="8295" /><E95/><V77/><F77/><W56/><G0/><T82/><D121/><U61/><E11/><V23/><F131/><W4/><G2/><T68/><D68/><U90/><AGARI ba="0,0" hai="24,25,48,55,57,58,61,64,81,85,90" m="8295" machi="90" ten="30,6000,0" yaku="8,1,52,1,54,1" doraHai="7" who="1" fromWho="1" sc="240,-20,245,60,270,-20,245,-20" /><INIT seed="1,1,0,0,1,64" ten="220,305,250,225" oya="1" hai0="48,55,28,43,111,56,116,18,27,113,31,9,44" hai1="84,12,134,51,68,1,78,17,92,60,8,21,50" hai2="129,26,94,6,70,47,104,81,100,87,128,38,49" hai3="37,24,117,57,75,114,93,122,65,7,103,80,22"/><U67/><E134/><V82/><F38/><W89/><G122/><T109/><D116/><U52/><E1/><V110/><F70/><W33/><G117/><T130/><D130/><N who="2" m="50282" /><F104/><W121/><G121/><T101/><D101/><U112/><E112/><V106/><F106/><W30/><G114/><T126/><D126/><U72/><E72/><V13/><F110/><N who="0" m="41994" /><D113/><U131/><E131/><V77/><F26/><W102/><G37/><N who="0" m="21615" /><D27/><U59/><E50/><V85/><F100/><W95/><G7/><T88/><D88/><U127/><E127/><V91/><F82/><W41/><G41/><T73/><D73/><U11/><REACH who="1" step="1"/><E92/><REACH who="1" ten="220,295,250,225" step="2"/><N who="2" m="54383" /><F87/><W105/><G75/><T132/><D132/><U25/><E25/><V4/><F13/><AGARI ba="1,1" hai="9,13,18,28,31,48,55,56" m="21615,41994" machi="13" ten="30,1000,0" yaku="14,1" doraHai="64" who="0" fromWho="2" sc="220,23,295,0,250,-13,225,0" /><INIT seed="2,0,0,1,0,110" ten="243,295,237,225" oya="2" hai0="52,41,83,84,13,133,46,62,115,103,20,80,54" hai1="17,31,102,72,43,3,81,1,49,122,25,55,120" hai2="24,47,14,56,130,113,75,53,112,2,16,37,107" hai3="135,11,97,99,44,93,85,114,8,45,106,22,9"/><V74/><F107/><W19/><G135/><T34/><D103/><U131/><E131/><V0/><F130/><W69/><G69/><T7/><D133/><U86/><E102/><V100/><F100/><W129/><G129/><T68/><D34/><N who="1" m="20847" /><E72/><V33/><F33/><W96/><G106/><T128/><D128/><U48/><E17/><V51/><F37/><W18/><G114/><T65/><D20/><U94/><E94/><V30/><F113/><W73/><G73/><T118/><D115/><U119/><E119/><V134/><F112/><W32/><G32/><T38/><D13/><U67/><E67/><V127/><F134/><W58/><G58/><T78/><D7/><U6/><E6/><V91/><F74/><W10/><N who="3" m="2560" /><DORA hai="92" /><W76/><G76/><T27/><D27/><U109/><E109/><V60/><F75/><W101/><G101/><T111/><D111/><U79/><E43/><V4/><F4/><W50/><G85/><T66/><D118/><U87/><E87/><V12/><F91/><W28/><G93/><T39/><D83/><U104/><E104/><V132/><F132/><W126/><G126/><T124/><D124/><U15/><E15/><N who="2" m="5675" /><F2/><W95/><G95/><T64/><REACH who="0" step="1"/><D39/><REACH who="0" ten="233,295,237,225" step="2"/><U116/><E116/><V90/><F0/><W70/><G70/><T82/><D82/><U35/><E35/><N who="2" m="20935" /><F127/><W125/><G125/><T89/><D89/><U77/><E1/><V105/><F90/><W88/><G28/><T26/><D26/><U59/><E3/><V121/><F105/><W117/><G117/><T5/><D5/><U57/><E79/><RYUUKYOKU ba="0,1" sc="233,15,295,15,237,-15,225,-15" hai0="38,41,46,52,54,62,64,65,66,68,78,80,84" hai1="48,49,55,57,59,77,81,86,120,122" /><INIT seed="3,1,1,3,1,8" ten="248,310,222,210" oya="3" hai0="1,48,102,43,68,5,35,6,84,77,92,4,135" hai1="59,110,40,71,73,123,15,51,39,79,97,118,133" hai2="90,112,107,24,125,33,2,47,17,21,72,86,99" hai3="3,130,34,61,104,129,101,41,134,93,28,11,111"/><W113/><G113/><T62/><D68/><U50/><E123/><V85/><F112/><W67/><G104/><T45/><D77/><U9/><E110/><V55/><F72/><W30/><G111/><T108/><D84/><U81/><E71/><V0/><F2/><W87/><G41/><T23/><D102/><U13/><E133/><V114/><F33/><W82/><G3/><T22/><D92/><U96/><E118/><V109/><F0/><W74/><G134/><T54/><D135/><U31/><E31/><V91/><F109/><W103/><G74/><T49/><D108/><U88/><E39/><V44/><F114/><W25/><G30/><T115/><D115/><U98/><E9/><V127/><F107/><W27/><G11/><T69/><D1/><U29/><E29/><V60/><F99/><W66/><G27/><T26/><D69/><U32/><E32/><V70/><F70/><W53/><G53/><T78/><D78/><U119/><E119/><V56/><F86/><W46/><G103/><T95/><D95/><U83/><E51/><V106/><F106/><W126/><G126/><N who="2" m="48137" /><F85/><W65/><G101/><T128/><D62/><U37/><E37/><V16/><F17/><W36/><G36/><T10/><D128/><N who="3" m="49257" /><G61/><T121/><D121/><U76/><E40/><V63/><F63/><W132/><G132/><T19/><D43/><U7/><E7/><N who="0" m="2633" /><D54/><U52/><REACH who="1" step="1"/><E88/><AGARI ba="1,1" hai="16,21,24,44,47,55,56,60,88,90,91" m="48137" machi="88" ten="30,3900,0" yaku="18,1,54,2" doraHai="8" who="2" fromWho="1" sc="248,0,310,-42,222,52,210,0" /><INIT seed="4,0,0,5,1,68" ten="248,268,274,210" oya="0" hai0="126,115,25,19,85,37,86,42,36,48,107,72,61" hai1="10,9,135,28,90,8,91,18,52,53,100,113,94" hai2="71,27,82,65,122,112,35,4,119,92,117,121,58" hai3="56,38,116,95,55,114,63,87,33,84,105,45,81"/><T130/><D25/><U96/><E135/><V128/><F71/><W89/><G116/><N who="2" m="44617" /><F4/><W103/><G114/><T101/><D19/><U57/><E113/><V59/><F112/><W123/><G123/><N who="2" m="47113" /><F128/><W73/><G33/><T43/><D72/><U32/><E32/><V106/><F106/><W125/><G125/><T88/><D115/><U111/><E111/><V44/><F82/><W24/><G24/><T16/><D16/><U1/><E1/><V13/><F44/><W76/><G73/><T41/><D130/><U77/><E77/><V30/><F13/><W110/><G110/><T74/><D74/><U49/><E28/><V20/><F35/><W23/><G23/><T98/><D126/><U14/><REACH who="1" step="1"/><E53/><REACH who="1" ten="248,258,274,210" step="2"/><V79/><F79/><W118/><G118/><T83/><D85/><U2/><E2/><V102/><F30/><W29/><G29/><T67/><REACH who="0" step="1"/><D48/><REACH who="0" ten="238,258,274,210" step="2"/><U0/><E0/><V47/><F20/><AGARI ba="0,2" hai="8,9,10,14,18,20,49,52,57,90,91,94,96,100" machi="20" ten="40,5200,0" yaku="1,1,8,1,54,1,53,0" doraHai="68" doraHaiUra="69" who="1" fromWho="2" sc="238,0,258,72,274,-52,210,0" /><INIT seed="5,0,0,1,5,42" ten="238,330,222,210" oya="1" hai0="44,111,9,56,131,113,12,57,84,69,80,23,122" hai1="133,108,119,109,102,100,76,59,26,130,53,98,85" hai2="24,62,114,32,91,60,127,65,126,31,58,4,48" hai3="110,129,121,35,67,132,29,117,11,74,106,82,124"/><U134/><E119/><V13/><F114/><W135/><RYUUKYOKU type="yao9" ba="0,0" sc="238,0,330,0,222,0,210,0" hai3="11,29,35,67,74,82,106,110,117,121,124,129,132,135" /><INIT seed="5,1,0,1,1,43" ten="238,330,222,210" oya="1" hai0="125,66,38,106,96,132,75,80,17,1,107,10,87" hai1="42,100,110,98,45,44,76,39,129,18,108,104,117" hai2="74,62,58,23,90,37,70,16,11,55,79,78,73" hai3="102,116,84,28,19,53,26,6,120,56,63,118,133"/><U109/><E117/><N who="3" m="45162" /><G120/><T40/><D1/><U27/><E129/><V113/><F37/><W97/><G133/><T33/><D33/><U88/><E76/><V25/><F70/><W112/><G112/><T93/><D66/><U36/><E27/><V5/><F113/><W103/><G6/><T22/><D40/><N who="1" m="22535" /><E18/><V77/><REACH who="2" step="1"/><F90/><AGARI ba="1,0" hai="39,42,45,88,90,98,100,104,108,109,110" m="22535" machi="90" ten="30,11600,0" yaku="10,1,52,2,54,1" doraHai="43" who="1" fromWho="2" sc="238,0,330,119,222,-119,210,0" /><INIT seed="5,2,0,5,0,5" ten="238,449,103,210" oya="1" hai0="22,70,59,84,56,20,42,33,67,126,95,124,82" hai1="26,89,17,83,77,40,116,99,58,60,11,79,54" hai2="8,62,12,87,96,120,112,66,133,49,31,19,65" hai3="61,101,129,75,132,1,57,51,100,105,135,27,46"/><U74/><E116/><V103/><F120/><W110/><G110/><T127/><D33/><U15/><E40/><V115/><F133/><N who="3" m="51275" /><G75/><T86/><D42/><U30/><E79/><V121/><F121/><W7/><G129/><T37/><D37/><U98/><REACH who="1" step="1"/><E89/><REACH who="1" ten="238,439,103,210" step="2"/><V48/><F31/><W25/><G105/><T125/><N who="0" m="32256" /><DORA hai="64" /><T102/><D82/><U3/><E3/><V73/><F73/><W16/><G1/><T47/><D47/><U9/><E9/><V34/><F34/><AGARI ba="2,1" hai="11,15,17,26,30,34,54,58,60,74,77,83,98,99" machi="34" ten="30,5800,0" yaku="1,1,7,1,52,1,53,0" doraHai="5,64" doraHaiUra="114,35" who="1" fromWho="2" sc="238,0,439,74,103,-64,210,0" /><INIT seed="5,3,0,0,2,133" ten="238,513,39,210" oya="1" hai0="130,34,8,9,81,134,56,47,32,0,78,70,14" hai1="42,33,94,116,92,25,29,93,112,84,27,113,75" hai2="73,6,26,86,135,13,15,51,99,123,74,87,127" hai3="65,91,55,124,122,22,50,110,96,30,126,58,71"/><U20/><E116/><V38/><F38/><W1/><G122/><T63/><D81/><U39/><E75/><V10/><F123/><W107/><G110/><T64/><D0/><U44/><REACH who="1" step="1"/><E84/><REACH who="1" ten="238,503,39,210" step="2"/><V49/><F135/><W19/><G1/><T77/><D134/><U97/><E97/><V76/><F99/><W89/><G96/><T114/><D47/><U115/><E115/><V83/><F74/><W23/><G107/><T11/><D114/><U35/><E35/><N who="0" m="13353" /><D130/><U62/><E62/><V79/><F73/><W98/><G98/><T61/><D56/><U101/><E101/><V109/><F109/><W43/><G58/><T104/><D104/><U88/><E88/><V18/><F26/><W117/><G89/><T108/><D108/><U131/><E131/><V100/><F100/><W21/><G91/><T68/><D64/><U102/><E102/><V52/><F127/><N who="3" m="48683" /><G65/><T17/><D17/><AGARI ba="3,1" hai="17,20,25,27,29,33,39,42,44,92,93,94,112,113" machi="17" ten="40,2000,0" yaku="1,1,53,0" doraHai="133" doraHaiUra="60" who="1" fromWho="0" sc="238,-29,503,39,39,0,210,0" /><INIT seed="5,4,0,0,5,38" ten="209,542,39,210" oya="1" hai0="93,109,74,7,2,96,127,83,107,15,92,21,12" hai1="95,125,37,25,17,135,43,39,86,5,110,51,0" hai2="73,41,80,14,121,116,60,23,40,119,68,77,11" hai3="122,71,104,115,81,114,58,55,63,112,82,54,20"/><U66/><E125/><V29/><F121/><W19/><G122/><T105/><D21/><U53/><E135/><V70/><F70/><W50/><G104/><T8/><D127/><U18/><E110/><V111/><F111/><W44/><REACH who="3" step="1"/><G71/><REACH who="3" ten="209,542,39,200" step="2"/><T4/><D74/><U57/><E37/><V84/><F73/><W103/><G103/><T13/><D109/><U72/><E72/><V28/><F23/><W85/><G85/><T131/><D131/><U118/><E118/><V16/><F68/><W133/><G133/><T24/><D24/><AGARI ba="4,1" hai="19,20,24,44,50,54,55,58,63,81,82,112,114,115" machi="24" ten="40,2600,0" yaku="1,1,15,1,53,0" doraHai="38" doraHaiUra="124" who="3" fromWho="0" sc="209,-38,542,0,39,0,200,48" /><INIT seed="6,0,0,4,5,68" ten="171,542,39,248" oya="2" hai0="7,40,3,37,80,77,63,24,100,111,108,135,86" hai1="112,70,124,21,110,96,1,61,75,94,117,29,59" hai2="49,64,5,133,19,109,45,17,99,34,33,126,125" hai3="55,87,120,98,13,35,129,60,116,18,82,47,52"/><V115/><F34/><W12/><G116/><T102/><D63/><U103/><E117/><V43/><F33/><W88/><G120/><T0/><D40/><U65/><E110/><V134/><F109/><N who="0" m="42058" /><D37/><U69/><E124/><N who="2" m="47723" /><F64/><W6/><G35/><T72/><D24/><N who="1" m="16527" /><E1/><V114/><F5/><W90/><G129/><T123/><D7/><U53/><E75/><V107/><F107/><W79/><G6/><T50/><D50/><N who="1" m="31159" /><E112/><N who="2" m="43051" /><F99/><W83/><G60/><T104/><D123/><U106/><E106/><V8/><F8/><N who="3" m="6407" /><G13/><T74/><D135/><AGARI ba="0,0" hai="17,19,43,45,49,133,134,135" m="43051,47723" machi="135" ten="40,7700,0" yaku="20,1,18,1,15,1" doraHai="68" who="2" fromWho="0" sc="171,-77,542,0,39,77,248,0" /><INIT seed="6,1,0,1,0,11" ten="94,542,116,248" oya="2" hai0="135,54,77,80,99,117,104,0,28,91,60,102,39" hai1="120,29,67,89,53,74,50,132,72,30,131,46,32" hai2="21,78,113,35,16,13,98,86,71,68,97,42,59" hai3="33,20,18,95,103,83,87,4,57,51,125,14,7"/><V5/><F35/><W62/><G33/><T25/><D39/><U90/><E132/><V130/><F68/><W65/><G125/><T3/><D54/><U56/><E131/><V111/><F130/><W94/><G51/><T47/><D60/><U17/><E120/><V96/><F71/><W44/><G44/><T82/><D47/><U41/><E72/><V63/><F111/><W10/><G103/><T38/><D38/><U1/><E74/><V107/><F107/><W122/><G122/><T127/><D28/><U110/><E110/><V27/><F113/><W70/><G70/><T116/><D25/><U106/><E106/><V58/><F42/><W9/><G9/><T34/><D34/><U133/><E133/><V66/><F59/><W126/><G126/><T52/><D52/><U19/><E1/><N who="0" m="585" /><D77/><U134/><E134/><V123/><F123/><W115/><G115/><T26/><D26/><U37/><E32/><V93/><F78/><N who="3" m="46583" /><G7/><T81/><D91/><N who="1" m="34827" /><E37/><V69/><F69/><W129/><G129/><T128/><D128/><U40/><E67/><V48/><F48/><W43/><G43/><N who="1" m="16458" /><E46/><V6/><REACH who="2" step="1"/><F27/><AGARI ba="1,0" hai="4,10,14,18,20,27,57,62,65,94,95" m="46583" machi="27" ten="30,2000,0" yaku="8,1,52,1" doraHai="11" who="3" fromWho="2" sc="94,0,542,0,116,-23,248,23" /><INIT seed="7,0,0,0,5,126" ten="94,542,93,271" oya="3" hai0="114,57,85,110,121,42,0,69,105,97,19,32,74" hai1="4,128,67,108,48,73,12,71,76,37,125,2,120" hai2="58,130,59,99,116,36,13,83,135,118,109,49,28" hai3="14,106,20,134,68,95,81,129,10,29,94,21,93"/><W22/><G68/><T119/><RYUUKYOKU type="yao9" ba="0,0" sc="94,0,542,0,93,0,271,0" hai0="0,19,32,42,57,69,74,85,97,105,110,114,119,121" /><INIT seed="7,1,0,1,5,70" ten="94,542,93,271" oya="3" hai0="17,121,81,84,50,78,76,45,68,1,14,40,106" hai1="128,41,53,108,101,5,116,23,103,134,60,131,28" hai2="123,104,102,38,31,32,34,94,125,49,18,39,96" hai3="13,9,73,122,120,48,66,100,71,133,42,82,119"/><W25/><G119/><T15/><D68/><U54/><E116/><V37/><F123/><W67/><G120/><T89/><D106/><U35/><E108/><V115/><F115/><W87/><G122/><T88/><D1/><U90/><E134/><V43/><F37/><W64/><G133/><T16/><D121/><U63/><E35/><V135/><F38/><W132/><G132/><T105/><D105/><U77/><E77/><N who="0" m="29801" /><D50/><U98/><E5/><V83/><F34/><W114/><G114/><T86/><D45/><U27/><E41/><V7/><F39/><W72/><G71/><T21/><D40/><U129/><E90/><N who="0" m="34921" /><D21/><U113/><E113/><V59/><F32/><W107/><G107/><T97/><D97/><U130/><E130/><V85/><F135/><W26/><G100/><N who="1" m="38474" /><E98/><V4/><F104/><W69/><G69/><T92/><D81/><U46/><E46/><V44/><F125/><W75/><G42/><T79/><D92/><U95/><E95/><V74/><F74/><W124/><G124/><T30/><D79/><U29/><E29/><V11/><F31/><W36/><G36/><T2/><D30/><U111/><E111/><V93/><F59/><W22/><G48/><T51/><D51/><U127/><E127/><V112/><F93/><W52/><G72/><T126/><D126/><U56/><E56/><V57/><F112/><W33/><G73/><T110/><D110/><U19/><E28/><V91/><F57/><W24/><G75/><T61/><D61/><AGARI ba="1,0" hai="19,23,27,53,54,60,61,63,128,129,131" m="38474" machi="61" ten="40,1300,0" yaku="19,1" doraHai="70" who="1" fromWho="0" sc="94,-16,542,16,93,0,271,0" owari="78,-42,558,66,93,-31,271,7" /></mjloggm>