<mjloggm ver="2.3"><GO type="137" lobby="0"/><UN n0="%E7%95%99%E8%90%8C" n1="%E4%B8%8B%E5%87%BA%EF%BC%A0%EF%BC%92%EF%BC%93%E3%81%8F%E3%82%89%E3%81%B6" n2="%4A%75%67%61%64%6F%72" n3="%E3%81%82%E3%82%93%E3%81%A5%E3%81%82%E3%82%81" dan="11,11,12,13" rate="1553.96,1516.07,1935.69,1743.74" sx="F,M,M,F"/><TAIKYOKU oya="0"/><INIT seed="0,0,0,5,5,28" ten="250,250,250,250" oya="0" hai0="132,126,12,124,76,107,111,51,131,59,71,45,17" hai1="135,104,86,0,127,37,48,32,8,87,70,49,94" hai2="16,15,65,123,128,85,39,82,117,92,54,25,30" hai3="66,24,55,27,120,105,57,103,129,81,78,36,44"/><T101/><D71/><U13/><E104/><V60/><F39/><W68/><G129/><T47/><D76/><U83/><E70/><V122/><F128/><W106/><G120/><T19/><D131/><U69/><E37/><V7/><F92/><W130/><G130/><T61/><D132/><U115/><E69/><V116/><F54/><W31/><G27/><T72/><D72/><U98/><E0/><V5/><F7/><W4/><G4/><T75/><D75/><U9/><E135/><V91/><F5/><W52/><G55/><T2/><D2/><U23/><E127/><N who="0" m="48681" /><D111/><U41/><E115/><V110/><F110/><W100/><G106/><T3/><D3/><U67/><E32/><V21/><F117/><W73/><G105/><T89/><D89/><N who="1" m="51423" /><E67/><V133/><F116/><W63/><G44/><N who="0" m="16971" /><D107/><U58/><E41/><V99/><F99/><W62/><REACH who="3" step="1"/><G36/><REACH who="3" ten="250,250,250,240" step="2"/><T26/><D101/><N who="1" m="60631" /><E87/><V33/><REACH who="2" step="1"/><F133/><REACH who="2" ten="250,250,240,240" step="2"/><W95/><G95/><T34/><D34/><AGARI ba="0,2" hai="24,31,34,52,57,62,63,66,68,73,78,81,100,103" machi="34" ten="30,8000,1" yaku="1,1,7,1,52,1,54,1,53,1" doraHai="28" doraHaiUra="50" who="3" fromWho="0" sc="250,-80,250,0,240,0,240,100" /><INIT seed="1,0,0,5,4,93" ten="170,250,240,340" oya="1" hai0="81,17,22,9,120,26,54,77,131,71,46,42,12" hai1="16,7,40,125,109,34,66,39,87,48,43,4,82" hai2="126,130,36,110,59,78,123,3,38,57,116,63,5" hai3="24,118,29,28,15,124,35,44,127,121,33,0,72"/><U115/><E115/><V129/><F78/><W1/><G72/><T51/><D71/><U132/><E34/><V31/><F31/><W62/><G118/><T79/><D131/><U106/><E39/><V100/><F100/><W97/><G44/><T75/><D120/><U64/><E106/><V83/><F83/><W89/><G89/><T107/><D107/><U23/><E132/><V117/><F5/><N who="1" m="2121" /><E125/><N who="3" m="48202" /><G62/><T112/><D112/><U105/><E105/><V84/><F84/><W25/><G121/><T52/><REACH who="0" step="1"/><D79/><REACH who="0" ten="160,250,240,340" step="2"/><N who="1" m="46559" /><E109/><V11/><F110/><W19/><G1/><T119/><D119/><U60/><E48/><V94/><F126/><W49/><G0/><T50/><D50/><U10/><E60/><V18/><F3/><W55/><G49/><T92/><D92/><U86/><E43/><V65/><F123/><W114/><G114/><T103/><D103/><U14/><E40/><V37/><F94/><W96/><G55/><T73/><D73/><U95/><E10/><AGARI ba="0,1" hai="10,15,19,24,25,28,29,33,35,96,97" m="48202" machi="10" ten="30,3900,0" yaku="18,1,52,2" doraHai="93" who="3" fromWho="1" sc="160,0,250,-39,240,0,340,49" /><INIT seed="2,0,0,5,3,7" ten="160,211,240,389" oya="2" hai0="102,15,114,27,100,131,75,2,5,77,43,135,6" hai1="134,93,99,31,73,76,64,110,51,59,66,45,29" hai2="36,48,39,121,61,97,33,38,125,47,9,78,55" hai3="13,92,129,11,68,24,132,70,118,106,89,3,25"/><V123/><F33/><W67/><G118/><T126/><D114/><U16/><E73/><V130/><F78/><W88/><G129/><T41/><D131/><U60/><E76/><V53/><F130/><W74/><G132/><T32/><D135/><U95/><E66/><V56/><F97/><W98/><G74/><T107/><D126/><U111/><E134/><V109/><F125/><W84/><G3/><T1/><D75/><U124/><E124/><V14/><REACH who="2" step="1"/><F109/><REACH who="2" ten="160,211,230,389" step="2"/><W86/><G106/><T116/><D116/><U94/><E111/><V34/><F34/><W4/><G98/><T90/><D77/><U101/><E110/><V79/><F79/><W17/><G70/><T127/><D127/><U115/><E115/><V83/><F83/><W103/><G103/><T87/><D102/><U23/><E101/><V96/><F96/><W57/><G68/><T19/><D32/><U37/><E99/><V108/><F108/><W50/><G86/><T20/><D107/><U80/><E80/><V69/><F69/><W85/><G85/><T133/><D100/><U22/><E37/><V40/><F40/><W35/><G35/><T117/><D117/><U104/><E104/><V12/><F12/><W113/><G113/><T120/><D120/><U81/><E81/><V52/><F52/><W112/><G112/><T42/><D133/><U0/><E0/><N who="0" m="105" /><D15/><N who="1" m="9503" /><E23/><V71/><F71/><W21/><G67/><T82/><D43/><AGARI ba="0,1" hai="29,31,43,45,51,59,60,64,93,94,95" m="9503" machi="43" ten="30,2000,0" yaku="8,1,54,1" doraHai="7" who="1" fromWho="0" sc="160,-20,211,30,230,0,389,0" /><INIT seed="3,0,0,3,0,126" ten="140,241,230,389" oya="3" hai0="11,110,111,78,102,120,51,3,128,127,119,21,45" hai1="107,0,34,94,104,90,41,95,91,63,8,72,39" hai2="66,76,88,29,134,22,67,43,17,25,116,56,13" hai3="68,129,125,42,118,133,87,37,132,81,47,18,9"/><W115/><G115/><T53/><D119/><U62/><E34/><V19/><F116/><W77/><G118/><T99/><D120/><U50/><E72/><V117/><F117/><W15/><G68/><T52/><D78/><U58/><E39/><V124/><F124/><W106/><G125/><T121/><D127/><U71/><E71/><V2/><F2/><W32/><G106/><T65/><D121/><U12/><E0/><V100/><F19/><W28/><G28/><T89/><D65/><U60/><E107/><V30/><F30/><W101/><G101/><T20/><D128/><U79/><E79/><V61/><F100/><W59/><G59/><T49/><D89/><N who="1" m="33803" /><E104/><V97/><F134/><N who="3" m="51819" /><G32/><T108/><D3/><U98/><E41/><V31/><F31/><W27/><G27/><T38/><D11/><U6/><E98/><V26/><F26/><W54/><G54/><AGARI ba="0,0" hai="6,8,12,50,54,58,60,62,63,94,95" m="33803" machi="54" ten="30,1000,0" yaku="8,1" doraHai="126" who="1" fromWho="3" sc="140,0,241,10,230,0,389,-10" /><INIT seed="4,0,0,1,2,84" ten="140,251,230,379" oya="0" hai0="63,49,133,92,43,114,34,124,93,101,105,27,77" hai1="65,55,38,67,68,5,110,60,90,91,104,88,0" hai2="71,45,6,39,40,89,62,74,97,120,59,28,81" hai3="113,25,123,107,16,121,103,14,18,23,131,54,19"/><T3/><D3/><U94/><E104/><V118/><F118/><W17/><G107/><T20/><D114/><U30/><E38/><V57/><F74/><W100/><G54/><T8/><D34/><U129/><E110/><V52/><F120/><N who="3" m="46155" /><G103/><T61/><D124/><U109/><E109/><V7/><F71/><W9/><G100/><T87/><D133/><U48/><E129/><V2/><F2/><W95/><G95/><T119/><D119/><U108/><E30/><V53/><F28/><N who="3" m="17471" /><G131/><T135/><D135/><U83/><E108/><V10/><F10/><W82/><G82/><T15/><D105/><U80/><E67/><V4/><F4/><W128/><G128/><T21/><D43/><U72/><E72/><V76/><F76/><W99/><G99/><N who="0" m="59623" /><D49/><U75/><E75/><V50/><REACH who="2" step="1"/><F97/><REACH who="2" ten="140,251,220,379" step="2"/><W78/><G78/><T111/><D111/><U98/><E0/><V24/><F24/><W134/><G134/><T122/><D122/><U66/><E5/><V127/><F127/><W36/><G36/><T47/><D27/><U41/><E68/><V33/><F33/><W37/><G37/><T64/><D64/><U116/><E66/><V12/><F12/><W102/><G102/><T22/><D77/><U35/><E35/><V1/><F1/><W126/><G126/><T96/><D87/><AGARI ba="0,1" hai="6,7,39,40,45,50,52,53,57,59,62,81,87,89" machi="87" ten="40,5200,0" yaku="1,1,52,1,54,1,53,0" doraHai="84" doraHaiUra="31" who="2" fromWho="0" sc="140,-52,251,0,220,62,379,0" /><INIT seed="5,0,0,2,3,8" ten="88,251,282,379" oya="1" hai0="14,132,133,44,22,38,71,34,53,58,131,67,116" hai1="72,66,117,80,70,84,109,37,35,11,55,124,3" hai2="60,20,111,15,100,57,32,88,0,25,26,51,17" hai3="45,104,36,10,114,30,134,28,115,27,74,1,108"/><U48/><E117/><V94/><F111/><W118/><G108/><T82/><D116/><U99/><E35/><V64/><F0/><W128/><G118/><T16/><D34/><U56/><E124/><V87/><F32/><W90/><G134/><N who="0" m="51819" /><D131/><U12/><E109/><V54/><REACH who="2" step="1"/><F100/><REACH who="2" ten="88,251,272,379" step="2"/><W31/><G1/><T65/><D82/><U52/><E3/><V127/><F127/><W107/><G128/><T50/><D71/><AGARI ba="0,1" hai="15,17,20,25,26,51,54,57,60,64,71,87,88,94" machi="71" ten="30,12000,2" yaku="1,1,7,1,25,2,52,1,54,1,53,0" doraHai="8" doraHaiUra="110" who="2" fromWho="0" sc="88,-120,251,0,272,130,379,0" owari="-32,-53,251,-15,402,50,379,18" /></mjloggm>