<mjloggm ver="2.3"><GO type="137" lobby="0"/><UN n0="%66%69%6E%65%43%75%74%39" n1="%E7%81%AB%E9%98%B2%E5%A5%B3" n2="%E7%95%99%E8%90%8C" n3="%E9%85%94%E3%81%84%E3%81%A4%E3%81%B6%E3%82%8C" dan="13,10,11,10" rate="1794.23,1518.83,1537.49,1509.69" sx="M,F,F,M"/><TAIKYOKU oya="0"/><INIT seed="0,0,0,3,3,92" ten="250,250,250,250" oya="0" hai0="126,20,47,53,124,51,135,19,91,23,82,60,8" hai1="24,100,21,94,5,37,99,63,54,52,75,61,130" hai2="98,22,39,50,33,110,104,26,32,43,62,6,31" hai3="103,30,69,112,109,65,42,102,134,107,56,27,55"/><T125/><D135/><U131/><E75/><V64/><F39/><W72/><G112/><T9/><D60/><U17/><E37/><V29/><F110/><W114/><G72/><T86/><D8/><U105/><E105/><V81/><F6/><W57/><G114/><T118/><D118/><U80/><E80/><V117/><F117/><W123/><G123/><T68/><D68/><U46/><E5/><V121/><F121/><W111/><G134/><T25/><D25/><U59/><E46/><V129/><F129/><W133/><G133/><T16/><D19/><U108/><E108/><N who="3" m="41546" /><G42/><T122/><D122/><U58/><AGARI ba="0,0" hai="17,21,24,52,54,58,59,61,63,94,99,100,130,131" machi="58" ten="30,7900,0" yaku="0,1,9,1,52,1,54,1" doraHai="92" who="1" fromWho="1" sc="250,-39,250,79,250,-20,250,-20" /><INIT seed="1,0,0,5,4,44" ten="211,329,230,230" oya="1" hai0="60,94,27,18,74,51,106,14,28,89,48,34,22" hai1="102,25,35,83,123,12,49,87,132,41,63,77,68" hai2="46,120,23,55,122,135,32,79,99,17,126,128,108" hai3="70,1,15,73,40,98,125,0,110,13,38,82,103"/><U96/><E123/><V119/><F122/><W47/><G70/><T115/><D106/><U71/><E132/><V85/><F120/><W92/><G125/><T26/><D74/><U5/><E35/><V95/><F32/><W36/><G110/><T9/><D26/><U81/><E63/><V11/><F119/><W69/><G69/><T124/><D124/><U111/><E111/><V43/><F126/><W104/><G104/><T76/><D76/><U29/><E29/><V31/><F108/><W131/><G131/><T37/><D37/><U66/><E66/><V4/><F135/><W10/><G38/><T20/><D20/><U93/><E25/><V65/><F65/><W59/><G59/><T57/><D9/><U42/><E83/><N who="2" m="47359" /><F128/><W53/><G53/><T21/><D34/><U7/><E12/><N who="2" m="5223" /><F31/><W100/><G100/><T6/><D6/><U62/><E62/><V50/><F99/><W8/><G8/><T45/><D45/><U97/><E97/><V19/><F95/><W129/><G129/><T54/><D115/><U56/><E56/><V2/><F2/><W39/><G39/><T130/><D130/><U109/><E109/><V86/><F86/><AGARI ba="0,0" hai="14,18,21,22,27,28,48,51,54,57,60,86,89,94" machi="86" ten="30,7700,0" yaku="7,1,8,1,52,2" doraHai="44" who="0" fromWho="2" sc="211,77,329,0,230,-77,230,0" /><INIT seed="2,0,0,1,2,88" ten="288,329,153,230" oya="2" hai0="27,4,62,92,93,23,2,60,74,50,1,96,125" hai1="70,38,104,56,85,99,129,127,59,15,95,13,49" hai2="31,46,68,43,115,121,6,101,18,33,91,35,20" hai3="107,79,110,8,119,40,73,58,29,14,37,32,24"/><V39/><F115/><W135/><G119/><T19/><D74/><U55/><E38/><V61/><F121/><W78/><G107/><T65/><D125/><U130/><E70/><V105/><F6/><W54/><G73/><T106/><D106/><U41/><E127/><V26/><F91/><W76/><G135/><T11/><D1/><U102/><E104/><V16/><F105/><W108/><G37/><T10/><D10/><U66/><E85/><V69/><F101/><W71/><G40/><T64/><D96/><U109/><E109/><N who="3" m="42090" /><G71/><T42/><D42/><U82/><E82/><V28/><F69/><W84/><G84/><T83/><D83/><U131/><E41/><V128/><F128/><N who="1" m="32769" /><U3/><DORA hai="98" /><E3/><V123/><F123/><W9/><G14/><T80/><D80/><U89/><E89/><V112/><F112/><W57/><G57/><T103/><D103/><U111/><E111/><V126/><F126/><W34/><G34/><T120/><D120/><U67/><E59/><V36/><F36/><W25/><G25/><T97/><D97/><U48/><E48/><AGARI ba="0,0" hai="8,9,24,29,32,48,54,58,76,78,79" m="42090" machi="48" ten="30,1000,0" yaku="14,1" doraHai="88,98" who="3" fromWho="1" sc="288,0,329,-10,153,0,230,10" /><INIT seed="3,0,0,2,2,12" ten="288,319,153,240" oya="3" hai0="100,19,53,104,61,108,95,82,40,64,134,117,133" hai1="113,30,130,106,17,20,45,4,57,119,132,11,63" hai2="88,129,109,46,25,36,24,98,42,121,14,131,15" hai3="67,103,32,49,114,34,16,7,2,79,41,27,135"/><W93/><G114/><T124/><D117/><U123/><E113/><V9/><F109/><W116/><G116/><T89/><D108/><U21/><E123/><V70/><F121/><W43/><G135/><N who="0" m="51723" /><D40/><U39/><E119/><V68/><F25/><W31/><G67/><T91/><D53/><U125/><E132/><V50/><F36/><W52/><G79/><T55/><D55/><U92/><E106/><V122/><F122/><W115/><G115/><T112/><D112/><U128/><E125/><V23/><F70/><W107/><G107/><T120/><D120/><U72/><E72/><V75/><F75/><W1/><G1/><T77/><D64/><N who="1" m="39023" /><E39/><V102/><F68/><W76/><G76/><T127/><D61/><U54/><E92/><V99/><F88/><W86/><G34/><T90/><D19/><U80/><E80/><V44/><F44/><W78/><G78/><T97/><D95/><U84/><E84/><AGARI ba="0,0" hai="77,82,84,89,90,91,97,100,104,124,127" m="51723" machi="84" ten="30,3900,0" yaku="20,1,34,2" doraHai="12" who="0" fromWho="1" sc="288,39,319,-39,153,0,240,0" /><INIT seed="4,0,0,4,1,120" ten="327,280,153,240" oya="0" hai0="125,60,53,84,38,7,131,98,71,14,94,56,63" hai1="50,36,49,22,9,123,54,2,99,8,102,33,81" hai2="18,46,4,126,62,93,112,103,92,31,130,58,100" hai3="118,135,90,108,39,80,95,119,45,87,13,20,26"/><T1/><D1/><U122/><E36/><V134/><F31/><W59/><G135/><T79/><D38/><U117/><E117/><V44/><F4/><W66/><G119/><T5/><D131/><U30/><E2/><V69/><F134/><W88/><G118/><T47/><D71/><U83/><E33/><V40/><F130/><W115/><G39/><T41/><D125/><U105/><E54/><V101/><F126/><W35/><G35/><T42/><D63/><U48/><E30/><V0/><F112/><W51/><G13/><T113/><D113/><U78/><E22/><V82/><F69/><W6/><G115/><T21/><D47/><U91/><E91/><V19/><F0/><W107/><G6/><T10/><D5/><U128/><E128/><V76/><F76/><W85/><G107/><T73/><D73/><U24/><E24/><V70/><F70/><W34/><G34/><T64/><D64/><U68/><E68/><V37/><F82/><W3/><G3/><T65/><D65/><U111/><E111/><V133/><F133/><W75/><G75/><T121/><D121/><U74/><REACH who="1" step="1"/><E81/><REACH who="1" ten="327,270,153,240" step="2"/><V110/><F110/><W116/><G108/><T32/><D32/><U52/><E52/><N who="2" m="34119" /><F46/><W27/><G116/><T29/><D21/><U96/><E96/><V77/><F77/><W28/><G27/><T55/><D29/><U89/><E89/><V114/><F114/><W104/><G104/><T11/><D53/><U16/><E16/><V25/><F25/><W72/><G72/><T109/><D109/><U43/><E43/><V124/><F124/><RYUUKYOKU ba="0,1" sc="327,-15,270,15,153,15,240,-15" hai1="8,9,48,49,50,74,78,83,99,102,105,122,123" hai2="18,19,37,40,44,92,93,100,101,103" /><INIT seed="5,1,1,0,1,96" ten="312,285,168,225" oya="1" hai0="117,87,29,76,46,112,42,27,91,124,67,22,4" hai1="25,123,33,53,82,95,59,90,24,73,40,0,99" hai2="38,1,130,15,109,35,72,52,30,2,31,125,103" hai3="66,113,6,101,28,13,81,131,108,11,132,20,47"/><U88/><E123/><V62/><F38/><W69/><G108/><T97/><D117/><U18/><E0/><V110/><F72/><W14/><G132/><T12/><D112/><U17/><E33/><V128/><F109/><W32/><G32/><T116/><D67/><U135/><E73/><V104/><F110/><W23/><G131/><N who="2" m="50217" /><F125/><W78/><G113/><T79/><D124/><U77/><E135/><V19/><F35/><W120/><G120/><T50/><D97/><U107/><E107/><V85/><F85/><W111/><G111/><T61/><D61/><N who="1" m="36079" /><E40/><V98/><F1/><W114/><G114/><T92/><D116/><U71/><E71/><V3/><F3/><W94/><G69/><T89/><D89/><N who="1" m="34411" /><E77/><V119/><F2/><W70/><G70/><T121/><D121/><U106/><E106/><V68/><F119/><W16/><G66/><T105/><D105/><U36/><E36/><V80/><F80/><W41/><G28/><T10/><AGARI ba="1,1" hai="4,10,12,22,27,29,42,46,50,76,79,87,91,92" machi="10" ten="30,2000,0" yaku="0,1,8,1" doraHai="96" who="0" fromWho="0" sc="312,33,285,-11,168,-6,225,-6" /><INIT seed="6,0,0,5,3,21" ten="345,274,162,219" oya="2" hai0="40,54,69,120,94,128,61,99,106,65,71,104,29" hai1="95,102,70,34,74,56,88,80,73,97,15,26,134" hai2="39,46,67,75,44,87,50,42,114,37,35,89,43" hai3="28,49,9,10,129,68,8,58,45,23,115,53,132"/><V31/><F75/><W122/><G68/><T0/><D0/><U100/><E70/><V6/><F6/><W66/><G122/><T84/><D120/><U125/><E56/><V32/><F67/><W20/><G132/><T113/><D113/><U22/><E34/><V72/><F72/><N who="1" m="27753" /><E15/><V117/><F117/><W81/><G115/><T7/><D7/><U105/><E134/><V96/><F114/><W119/><G81/><T85/><D128/><U18/><E125/><V111/><F111/><W118/><G119/><T83/><D71/><U91/><E18/><V109/><F109/><W110/><G118/><T14/><D84/><N who="1" m="50183" /><E26/><V92/><F50/><W13/><G110/><T47/><D14/><U112/><E22/><V82/><REACH who="2" step="1"/><F31/><REACH who="2" ten="345,274,152,219" step="2"/><W77/><G129/><T51/><D29/><U41/><E112/><V27/><F27/><W124/><G124/><T130/><D130/><U135/><E135/><V5/><F5/><N who="3" m="3215" /><G77/><AGARI ba="0,1" hai="32,35,37,39,42,43,44,46,77,82,87,89,92,96" machi="77" ten="30,11600,0" yaku="1,1,7,1,9,1,53,1" doraHai="21" doraHaiUra="76" who="2" fromWho="3" sc="345,0,274,0,152,126,219,-116" /><INIT seed="6,1,0,4,2,82" ten="345,274,278,103" oya="2" hai0="14,57,31,91,113,83,26,36,20,35,123,12,15" hai1="0,72,16,109,24,51,59,90,96,9,86,100,129" hai2="130,10,128,84,85,110,73,132,50,65,18,44,133" hai3="78,114,68,25,53,37,54,45,13,77,33,135,95"/><V55/><F73/><W40/><G135/><N who="2" m="51785" /><F65/><W122/><G68/><T79/><D36/><U19/><E109/><V41/><F110/><W99/><G122/><T108/><D123/><U104/><E72/><V102/><F102/><W38/><G114/><T89/><D113/><U22/><E129/><N who="2" m="49771" /><F41/><W2/><G2/><T56/><D108/><U94/><E0/><V97/><F97/><W43/><G13/><AGARI ba="1,0" hai="10,13,18,44,50,55,84,85" m="49771,51785" machi="13" ten="30,11600,0" yaku="20,1,19,1,52,2" doraHai="82" who="2" fromWho="3" sc="345,0,274,0,278,119,103,-119" owari="345,15,274,-13,397,50,-16,-52" /></mjloggm>