<mjloggm ver="2.3"><GO type="9" lobby="6486"/><UN n0="%E3%81%B5%E3%81%89%E3%81%8E%E3%81%83" n1="%E5%B1%A4%E3%81%AE%E3%82%B3%E3%83%9B%E3%83%A2%E3%83%AD%E3%82%B8%E3%83%BC" n2="%E7%95%99%E8%90%8C" n3="%5A%75%74%73%75%6B%69" dan="0,7,11,12" rate="1500.00,1513.33,1583.93,1734.29" sx="M,M,F,M"/><TAIKYOKU oya="0"/><INIT seed="0,0,0,1,5,27" ten="250,250,250,250" oya="0" hai0="104,63,5,109,75,83,61,125,20,13,120,87,19" hai1="67,96,112,0,65,2,32,44,14,53,123,23,12" hai2="51,91,25,30,124,60,92,64,118,34,28,9,46" hai3="56,21,82,45,88,100,58,89,18,90,80,116,10"/><T41/><D104/><U49/><E123/><V128/><F118/><W102/><G116/><T22/><D41/><U72/><E112/><V94/><F124/><W98/><G10/><T130/><D120/><U7/><E32/><V70/><F128/><W62/><G45/><T131/><D75/><U55/><E72/><V99/><F9/><W85/><G98/><T71/><D71/><U111/><E111/><V66/><F66/><N who="3" m="39239" /><G58/><T110/><D125/><U59/><E96/><V132/><F132/><W129/><G129/><N who="0" m="49163" /><D5/><U77/><E77/><V8/><F8/><W101/><G85/><T15/><D15/><AGARI ba="0,0" hai="15,18,21,80,82,88,89,90,100,101,102" m="39239" machi="15" ten="30,2000,0" yaku="8,1,54,1" doraHai="27" who="3" fromWho="0" sc="250,-20,250,0,250,0,250,20" /><INIT seed="1,0,0,2,4,52" ten="230,250,250,270" oya="1" hai0="41,2,45,10,29,103,85,22,72,39,59,127,31" hai1="54,96,102,28,6,53,27,128,113,76,44,9,94" hai2="71,77,87,16,69,49,56,92,47,130,81,63,43" hai3="30,19,78,32,0,46,35,117,38,134,107,126,23"/><U13/><E113/><V36/><F130/><W132/><G107/><T108/><D72/><U15/><E128/><V5/><F5/><W115/><G115/><T97/><D59/><U21/><E76/><V133/><F133/><W109/><G109/><T40/><D85/><U122/><E122/><V116/><F116/><W66/><G0/><T75/><D75/><U120/><E120/><V104/><F104/><W88/><G66/><T8/><D2/><U84/><E84/><V86/><F36/><W89/><G126/><T65/><D65/><U74/><E74/><V20/><F92/><W124/><G124/><T101/><D39/><U90/><E90/><V50/><F50/><W73/><G73/><T93/><D108/><U18/><REACH who="1" step="1"/><E44/><REACH who="1" ten="230,240,250,270" step="2"/><V114/><F114/><W110/><G132/><T57/><D103/><U129/><E129/><V118/><F118/><W131/><G131/><T17/><D45/><U24/><E24/><V125/><F125/><W112/><G112/><T1/><D57/><U60/><E60/><V7/><F87/><W135/><G135/><T26/><D127/><U123/><E123/><V67/><F7/><W119/><G134/><T82/><D82/><U80/><E80/><V105/><F105/><W37/><G117/><T4/><REACH who="0" step="1"/><D31/><REACH who="0" ten="220,240,250,270" step="2"/><U34/><AGARI ba="0,2" hai="6,9,13,15,18,21,27,28,34,53,54,94,96,102" machi="34" ten="20,3900,0" yaku="1,1,0,1,7,1,53,0" doraHai="52" doraHaiUra="55" who="1" fromWho="1" sc="220,-13,240,59,250,-13,270,-13" /><INIT seed="1,1,0,4,4,30" ten="207,299,237,257" oya="1" hai0="76,83,134,65,36,103,22,90,133,135,19,102,126" hai1="77,109,95,56,89,73,62,115,119,50,33,25,3" hai2="107,93,63,4,14,70,9,71,16,125,113,48,58" hai3="6,27,8,37,92,123,51,128,34,101,86,75,17"/><U114/><E119/><V59/><F107/><W40/><G123/><T130/><D65/><U35/><E3/><V45/><F125/><W47/><G75/><N who="0" m="43423" /><D36/><U42/><E109/><V88/><F113/><W28/><G128/><T127/><D22/><U98/><E73/><V69/><F4/><W54/><G17/><T2/><D2/><U21/><E77/><V112/><F112/><W132/><G132/><T11/><D19/><U100/><E115/><V57/><F63/><W80/><G101/><N who="0" m="38411" /><D11/><U68/><E114/><V52/><F93/><W66/><G66/><T87/><D130/><U96/><E42/><V61/><F88/><W64/><G92/><AGARI ba="1,0" hai="87,90,92,126,127,133,134,135" m="38411,43423" machi="92" ten="40,5200,0" yaku="20,1,34,2" doraHai="30" who="0" fromWho="3" sc="207,55,299,0,237,0,257,-55" /><INIT seed="2,0,0,5,4,14" ten="262,299,237,202" oya="2" hai0="23,65,121,70,87,17,129,88,55,4,7,69,78" hai1="18,112,85,130,102,19,111,3,81,8,31,5,114" hai2="35,122,64,104,96,68,22,54,124,12,59,24,84" hai3="77,60,26,118,37,62,132,21,40,79,41,29,39"/><V82/><F122/><W101/><G101/><T103/><D121/><U63/><E130/><V93/><F104/><W127/><G127/><T42/><D42/><U15/><E111/><V52/><F35/><W117/><G26/><T76/><D70/><U0/><E102/><V133/><F133/><W33/><G29/><T47/><D69/><U110/><E110/><V9/><F68/><W113/><G21/><T34/><D34/><U20/><E63/><N who="2" m="38015" /><F124/><W125/><G33/><T100/><D65/><U98/><E98/><V72/><F72/><W99/><G125/><T75/><D75/><U73/><E73/><V16/><F96/><W92/><G92/><N who="0" m="54303" /><D129/><U119/><E119/><V115/><F115/><W32/><G32/><T126/><D126/><U6/><E85/><V67/><F93/><W48/><G99/><T80/><D55/><U45/><E81/><V28/><F67/><W116/><G116/><T51/><D51/><U97/><E45/><V61/><F61/><W13/><G48/><T131/><D131/><U109/><E97/><V71/><F71/><W50/><G50/><T94/><D47/><U27/><E109/><V128/><F128/><W58/><G58/><T66/><D66/><U57/><E57/><V105/><F105/><W1/><G13/><N who="0" m="9647" /><D94/><U135/><E135/><V25/><F25/><W10/><G132/><T44/><D44/><U46/><E46/><V56/><F56/><W38/><G38/><T43/><D43/><U95/><E95/><V74/><F74/><W120/><G120/><T107/><D107/><U36/><E36/><V108/><F108/><RYUUKYOKU ba="0,0" sc="262,-10,299,-10,237,30,202,-10" hai2="9,12,16,22,24,28,52,54,82,84" /><INIT seed="2,1,0,2,0,124" ten="252,289,267,192" oya="2" hai0="132,102,79,52,88,106,127,46,74,68,115,71,118" hai1="54,21,26,15,61,48,82,76,55,86,134,50,1" hai2="37,25,109,20,9,13,92,96,49,99,67,81,77" hai3="16,0,6,60,36,114,7,53,58,3,63,56,28"/><V95/><F37/><W32/><G36/><T91/><D74/><U131/><E1/><V69/><F109/><W110/><G110/><T101/><D46/><U34/><E34/><V89/><F69/><W43/><G28/><T51/><D71/><U128/><E134/><V45/><F67/><W22/><G32/><T120/><D68/><U105/><E105/><V14/><F9/><W44/><G44/><N who="0" m="27751" /><D106/><U83/><E83/><V31/><F45/><W23/><G43/><T75/><D115/><U19/><E61/><V27/><F49/><N who="1" m="19049" /><E26/><V18/><F18/><W126/><G126/><T33/><D33/><U29/><E29/><V93/><F27/><W73/><G53/><T65/><D127/><U35/><E35/><V125/><F125/><W130/><G73/><T41/><D120/><U117/><E117/><V39/><F39/><W84/><G84/><T90/><D41/><U100/><E100/><N who="0" m="38505" /><D65/><U113/><E113/><V135/><F135/><W72/><G72/><T57/><D118/><U64/><E64/><V30/><F30/><W87/><G87/><T119/><D119/><U66/><E66/><V133/><F133/><W24/><G24/><T4/><D132/><U116/><E116/><V17/><F31/><W40/><G40/><T123/><D123/><U5/><E5/><V12/><REACH who="2" step="1"/><F89/><REACH who="2" ten="252,289,257,192" step="2"/><W98/><G114/><T111/><D111/><U107/><E107/><V78/><F78/><W38/><G130/><AGARI ba="1,1" hai="15,19,21,54,55,76,82,86,128,130,131" m="19049" machi="130" ten="30,7700,0" yaku="19,1,52,3" doraHai="124" who="1" fromWho="3" sc="252,0,289,90,257,0,192,-80" /><INIT seed="3,0,0,3,1,6" ten="252,379,257,112" oya="3" hai0="45,20,75,32,115,44,120,10,39,48,82,51,63" hai1="66,116,71,27,58,43,117,29,25,65,124,111,42" hai2="132,24,93,74,101,68,102,50,12,78,133,9,16" hai3="97,17,86,121,107,84,64,128,7,108,91,72,11"/><W2/><G121/><T114/><D32/><U122/><E122/><V38/><F68/><W112/><G112/><N who="0" m="43051" /><D120/><U0/><E0/><V119/><F119/><N who="1" m="45641" /><E111/><V127/><F38/><W131/><G64/><N who="1" m="24682" /><E71/><V1/><F1/><W15/><G108/><T118/><D118/><U28/><E124/><V46/><F127/><W56/><G56/><T34/><D34/><U30/><E58/><V79/><F74/><W4/><G72/><T113/><N who="0" m="43059" /><T49/><DORA hai="23" /><D20/><U19/><E19/><V52/><F24/><AGARI ba="0,0" hai="24,25,27,28,29,30,42,43" m="24682,45641" machi="24" ten="40,12000,2" yaku="28,2,12,1,52,3" doraHai="6,23" who="1" fromWho="2" sc="252,0,379,120,257,-120,112,0" /><INIT seed="4,0,0,3,1,107" ten="252,499,137,112" oya="0" hai0="98,26,96,20,125,43,46,74,67,73,116,57,55" hai1="89,94,84,3,34,105,19,86,80,130,58,17,6" hai2="39,16,132,87,42,71,61,15,22,129,95,10,133" hai3="111,100,40,77,135,118,38,24,106,76,48,8,9"/><T127/><D55/><U1/><E130/><V134/><F39/><W102/><G118/><T54/><D116/><U64/><E105/><V72/><F72/><N who="0" m="27754" /><D67/><U101/><E34/><V36/><F36/><W110/><G106/><T18/><D43/><U5/><E101/><N who="3" m="39018" /><G38/><T52/><D46/><U62/><E1/><V88/><F42/><W53/><G40/><T81/><D81/><U128/><E128/><V29/><F129/><W122/><G24/><T91/><D91/><N who="1" m="51591" /><E3/><V12/><F71/><W32/><G32/><T27/><D27/><U56/><E56/><V59/><F29/><W70/><G70/><T30/><D30/><U13/><E13/><V113/><F113/><W37/><G37/><T114/><D114/><U14/><E19/><V85/><F85/><W90/><G90/><T51/><D54/><U7/><E7/><V63/><REACH who="2" step="1"/><F59/><REACH who="2" ten="252,499,127,112" step="2"/><W33/><G122/><T112/><D112/><U25/><E25/><V35/><F35/><W31/><G33/><T78/><D78/><N who="3" m="30313" /><G31/><T131/><D131/><U66/><E66/><V99/><F99/><W28/><G28/><T104/><D104/><U60/><E60/><V119/><F119/><W11/><G48/><T21/><D21/><AGARI ba="0,1" hai="5,6,14,17,21,58,62,64,86,89,94" m="51591" machi="21" ten="30,1000,0" yaku="8,1" doraHai="107" who="1" fromWho="0" sc="252,-10,499,20,127,0,112,0" /><INIT seed="5,0,0,5,0,108" ten="242,519,127,112" oya="1" hai0="120,82,43,91,52,109,115,89,107,58,78,125,18" hai1="21,85,128,12,63,131,117,99,15,77,71,20,135" hai2="93,83,42,60,31,96,121,81,44,38,69,101,34" hai3="49,9,111,55,47,132,130,10,73,103,129,7,26"/><U3/><E3/><V110/><F121/><W66/><G111/><T0/><D109/><U13/><E117/><V16/><F110/><W94/><G73/><T19/><D0/><U90/><E135/><V6/><F6/><W95/><G132/><T84/><D107/><U123/><E123/><V54/><F69/><W53/><G66/><T41/><D120/><U33/><E33/><V25/><F16/><N who="0" m="6186" /><D125/><U40/><E40/><N who="0" m="15433" /><D115/><U104/><E104/><V51/><REACH who="2" step="1"/><F60/><AGARI ba="0,0" hai="52,58,60,78,82,84,89,91" m="15433,6186" machi="60" ten="30,3900,0" yaku="8,1,54,2" doraHai="108" who="0" fromWho="2" sc="242,39,519,0,127,-39,112,0" /><INIT seed="6,0,0,5,1,34" ten="281,519,88,112" oya="2" hai0="28,59,64,67,21,46,39,87,62,30,56,29,26" hai1="93,44,86,120,103,8,85,115,82,106,117,1,9" hai2="25,89,91,81,11,33,20,54,55,127,41,130,74" hai3="70,95,3,6,132,18,35,105,50,57,109,88,99"/><V53/><F33/><W94/><G35/><T10/><D87/><U101/><E117/><V12/><F130/><W92/><G70/><T51/><D39/><U13/><E115/><V129/><F129/><W7/><G109/><T84/><D84/><U124/><E124/><V22/><F127/><W107/><G132/><T134/><D134/><U37/><E37/><V5/><F41/><W36/><G36/><T122/><D122/><U113/><E113/><V100/><F100/><W69/><G69/><T108/><D108/><U133/><E120/><V60/><F60/><W116/><G116/><T31/><D10/><U131/><E133/><V40/><F40/><W98/><G18/><T49/><REACH who="0" step="1"/><D46/><REACH who="0" ten="271,519,88,112" step="2"/><U63/><E131/><V47/><F74/><W19/><G19/><T17/><D17/><U126/><E86/><V27/><F81/><W43/><G99/><T42/><D42/><U102/><E82/><V14/><F47/><W72/><G72/><T125/><D125/><U68/><E126/><V118/><F118/><W96/><G98/><T23/><D23/><N who="2" m="8746" /><F14/><W111/><G111/><T121/><D121/><U52/><E13/><V97/><F97/><W110/><G110/><T65/><D65/><U24/><E44/><V15/><F15/><W114/><G114/><T77/><D77/><U79/><E79/><V66/><F66/><W61/><G96/><T76/><D76/><U0/><E85/><V83/><F83/><W135/><G135/><T75/><D75/><U45/><E45/><V32/><F32/><W123/><G123/><T2/><D2/><U4/><E0/><RYUUKYOKU ba="0,1" sc="271,15,519,-15,88,15,112,-15" hai0="21,26,28,29,30,31,49,51,56,59,62,64,67" hai2="5,11,12,25,27,53,54,55,89,91" /><INIT seed="6,1,1,4,3,50" ten="286,504,103,97" oya="2" hai0="87,60,80,116,118,52,131,88,2,103,100,132,73" hai1="35,112,57,58,97,4,10,24,23,109,117,3,54" hai2="32,51,94,31,128,6,102,65,135,20,133,74,46" hai3="130,15,96,45,29,120,127,47,85,98,81,91,95"/><V122/><F122/><W86/><G120/><T93/><D2/><U92/><E117/><N who="0" m="45161" /><D131/><U13/><E109/><V39/><F74/><W77/><G130/><T72/><D132/><N who="2" m="50762" /><F39/><W69/><G127/><T110/><D60/><U83/><E112/><V84/><F128/><W99/><G69/><T36/><D36/><U64/><E83/><V75/><F75/><N who="0" m="28746" /><D52/><U106/><E106/><V78/><F65/><W7/><G29/><T62/><D62/><U9/><E64/><V66/><F66/><W55/><G7/><T56/><D56/><U70/><E70/><V124/><F124/><W68/><G68/><T26/><D26/><U61/><E35/><V27/><F6/><W48/><REACH who="3" step="1"/><G15/><REACH who="3" ten="286,504,103,87" step="2"/><T34/><D34/><U63/><E13/><V28/><F32/><W25/><G25/><T115/><D115/><U125/><E24/><V76/><F31/><W113/><G113/><T123/><D123/><U30/><E125/><V17/><F28/><W53/><G53/><T37/><D37/><U129/><E54/><V67/><F67/><W1/><G1/><T14/><D14/><U8/><E3/><V59/><F59/><AGARI ba="1,2" hai="45,47,48,55,59,77,81,85,86,91,95,96,98,99" machi="59" ten="40,5200,0" yaku="1,1,8,1,52,1,53,0" doraHai="50" doraHaiUra="38" who="3" fromWho="2" sc="286,0,504,0,103,-55,87,75" /><INIT seed="7,0,0,1,1,95" ten="286,504,48,162" oya="3" hai0="97,102,63,98,86,56,68,9,13,42,53,130,108" hai1="6,54,22,4,135,39,3,61,33,18,125,57,24" hai2="7,51,121,46,99,36,23,78,37,12,106,129,124" hai3="16,21,60,62,74,111,115,84,8,20,117,87,134"/><W55/><G117/><T96/><D68/><U79/><E135/><V40/><F124/><W15/><G134/><T26/><D108/><U105/><E125/><V29/><F129/><W94/><G111/><T1/><D1/><U34/><E105/><V80/><F121/><W120/><G120/><T110/><D110/><U5/><E39/><V116/><F116/><W32/><G32/><T127/><D127/><U109/><E109/><V92/><F106/><W35/><G35/><T69/><D69/><U93/><E93/><V47/><F29/><W90/><G74/><T50/><D26/><U73/><E3/><V75/><F7/><W48/><G115/><T104/><D104/><U82/><AGARI ba="0,0" hai="4,5,6,18,22,24,33,34,54,57,61,73,79,82" machi="82" ten="30,1100,0" yaku="0,1" doraHai="95" who="1" fromWho="1" sc="286,-3,504,11,48,-3,162,-5" owari="283,8,515,61,45,-45,157,-24" /></mjloggm>