<mjloggm ver="2.3"><GO type="137" lobby="0"/><UN n0="%44%4A%E6%A6%82%E7%AE%97" n1="%E7%95%99%E8%90%8C" n2="%64%6D%6B%75%6D%61%31%30" n3="%68%75%6D%65%72%75%73" dan="13,11,10,10" rate="1692.12,1608.95,1643.55,1295.22" sx="M,F,M,F"/><TAIKYOKU oya="0"/><INIT seed="0,0,0,1,0,59" ten="250,250,250,250" oya="0" hai0="119,29,24,82,42,104,9,126,19,21,85,27,132" hai1="14,46,60,110,131,33,41,4,114,55,56,22,57" hai2="86,66,88,11,112,32,25,135,64,68,96,49,38" hai3="117,65,67,47,63,102,107,34,76,31,115,18,73"/><T90/><D104/><U20/><E33/><V62/><F112/><W87/><G67/><T54/><D119/><U40/><E114/><V124/><F38/><W103/><G103/><T17/><D132/><U105/><E105/><V74/><F74/><W77/><G115/><T116/><D126/><U79/><E110/><V70/><F96/><N who="3" m="61895" /><G18/><T71/><D71/><U109/><E109/><V78/><F78/><W28/><G28/><T93/><D42/><U36/><E131/><V5/><F135/><W81/><G77/><T15/><D116/><U58/><E41/><V123/><F123/><W118/><G87/><T16/><D54/><U50/><E79/><V52/><F124/><W45/><G45/><T75/><D75/><U0/><E0/><V130/><F130/><W80/><G80/><T48/><D48/><U129/><E129/><V1/><F32/><W35/><G47/><T43/><D43/><U95/><E95/><V120/><F120/><W3/><G3/><T37/><D37/><U61/><E36/><V44/><F70/><N who="3" m="42303" /><G35/><T89/><REACH who="0" step="1"/><D27/><AGARI ba="0,0" hai="27,31,34,73,76,81,117,118" m="42303,61895" machi="27" ten="30,3900,0" yaku="25,1,23,1,52,1" doraHai="59" who="3" fromWho="0" sc="250,-39,250,0,250,0,250,39" /><INIT seed="1,0,0,0,3,82" ten="211,250,250,289" oya="1" hai0="70,24,68,122,69,92,98,52,100,86,115,107,14" hai1="116,120,119,105,131,127,35,90,133,109,111,81,7" hai2="2,121,91,101,65,13,37,26,44,1,73,48,57" hai3="53,80,39,96,45,85,58,72,71,66,87,125,78"/><U9/><E35/><V95/><F73/><W18/><G18/><T29/><D115/><U0/><E105/><V54/><F121/><W42/><G96/><T10/><D122/><U31/><E31/><V55/><F101/><W20/><G20/><T60/><D52/><U21/><E120/><V59/><F26/><W22/><G22/><T8/><D60/><U34/><E34/><V103/><F103/><W46/><G46/><T117/><D117/><N who="1" m="45131" /><E127/><V126/><F126/><W89/><G89/><T104/><D86/><N who="1" m="50511" /><E21/><V74/><F74/><W6/><G6/><T112/><D112/><U88/><E88/><V97/><F13/><W28/><G28/><T41/><D41/><U63/><E63/><V5/><F65/><W76/><G125/><T123/><D123/><U3/><E3/><V38/><F38/><W30/><G30/><T108/><D108/><N who="1" m="41547" /><E133/><V84/><F37/><W124/><G124/><T110/><D110/><U19/><E19/><V36/><F36/><W32/><G32/><T12/><D8/><U17/><E17/><V99/><F5/><W56/><G56/><T118/><D24/><U61/><E61/><N who="2" m="36023" /><F1/><W113/><G113/><T132/><D132/><U16/><E16/><V129/><F2/><W23/><G23/><T102/><D118/><U47/><E47/><V33/><F33/><W64/><G64/><T134/><D104/><U135/><E135/><V128/><F44/><W83/><G72/><T106/><D107/><U25/><E131/><AGARI ba="0,0" hai="48,55,59,84,91,95,97,99,128,129,131" m="36023" machi="131" ten="30,2000,0" yaku="19,1,52,1" doraHai="82" who="2" fromWho="1" sc="211,0,250,-20,250,20,289,0" /><INIT seed="2,0,0,5,1,27" ten="211,230,270,289" oya="2" hai0="109,15,91,107,4,12,68,24,76,51,13,88,43" hai1="111,66,26,45,18,114,85,59,70,123,28,60,53" hai2="34,87,49,122,0,39,23,37,134,42,46,108,63" hai3="74,14,99,31,128,65,94,104,48,124,71,96,72"/><V126/><F0/><W29/><G71/><T83/><D107/><U100/><E114/><V92/><F122/><W16/><G65/><T115/><D68/><U64/><E123/><V117/><F117/><W73/><G128/><T8/><D115/><U118/><E118/><V132/><F34/><W125/><G104/><T62/><D62/><U54/><E111/><V30/><F108/><W133/><G133/><T57/><D109/><U58/><E100/><V80/><F63/><W6/><G6/><T79/><D79/><U135/><E135/><N who="2" m="51755" /><F126/><N who="3" m="48747" /><G48/><T113/><D113/><U81/><E85/><V90/><F80/><W19/><G14/><T33/><D43/><U1/><E81/><V41/><F41/><W105/><G105/><T36/><D36/><U119/><E119/><V35/><F35/><W127/><N who="3" m="48755" /><W102/><DORA hai="38" /><G99/><T52/><D33/><U93/><E93/><V40/><F40/><W5/><G5/><T101/><D24/><AGARI ba="0,0" hai="23,24,30,37,39,42,46,49,87,90,92" m="51755" machi="24" ten="30,5800,0" yaku="20,1,52,2" doraHai="27,38" who="2" fromWho="0" sc="211,-58,230,0,270,58,289,0" /><INIT seed="2,1,0,5,2,18" ten="153,230,328,289" oya="2" hai0="67,1,134,126,20,88,95,122,63,59,96,71,39" hai1="17,3,69,77,45,119,83,0,4,123,42,103,12" hai2="66,33,57,108,112,101,125,5,135,74,114,70,86" hai3="85,94,72,92,128,10,76,117,64,37,110,68,30"/><V98/><F33/><W132/><G37/><T32/><D122/><U34/><E123/><V29/><F29/><W129/><G68/><T73/><D32/><U105/><E119/><V89/><F74/><W100/><G64/><T113/><D39/><U36/><E69/><V14/><F70/><W78/><G30/><T27/><D1/><U22/><E34/><V102/><F135/><W55/><G55/><T87/><D73/><U7/><E105/><V21/><F108/><W51/><G51/><T120/><D134/><U11/><E103/><V97/><F125/><W40/><G40/><T38/><D38/><U118/><E118/><V6/><F14/><W104/><G10/><T31/><D126/><U124/><E124/><V81/><F66/><W43/><G43/><T62/><D120/><U109/><E109/><V65/><F65/><W48/><G48/><T84/><REACH who="0" step="1"/><D113/><REACH who="0" ten="143,230,328,289" step="2"/><U131/><E131/><N who="3" m="50250" /><G132/><T116/><D116/><U16/><E17/><V106/><F114/><W54/><G117/><T19/><D19/><U127/><E127/><V26/><F112/><W35/><G35/><T49/><D49/><U93/><E93/><V107/><REACH who="2" step="1"/><F57/><REACH who="2" ten="143,230,318,289" step="2"/><W13/><G110/><T52/><AGARI ba="1,2" hai="20,27,31,52,59,62,63,67,71,84,87,88,95,96" machi="52" ten="20,12000,2" yaku="1,1,0,1,7,1,52,1,54,2,53,0" doraHai="18" doraHaiUra="75" who="0" fromWho="0" sc="143,143,230,-31,318,-61,289,-31" /><INIT seed="3,0,0,0,2,59" ten="286,199,257,258" oya="3" hai0="135,23,61,109,4,134,13,111,84,123,10,94,1" hai1="83,54,74,124,130,119,129,131,56,22,126,7,30" hai2="113,81,76,85,35,104,25,33,118,110,37,68,43" hai3="87,96,34,73,91,41,112,20,93,28,72,3,105"/><W97/><G3/><T88/><D123/><U64/><E7/><V47/><F104/><W70/><G70/><T71/><D23/><U46/><E64/><V50/><F68/><W36/><G112/><T121/><D121/><U57/><E46/><V78/><F118/><W24/><G20/><T103/><D103/><U114/><E114/><V53/><F113/><W58/><G36/><T98/><D84/><U6/><E6/><V32/><F110/><N who="0" m="41994" /><D1/><U99/><E119/><V19/><F19/><W122/><G122/><T90/><D90/><U106/><E106/><V128/><F128/><W2/><G2/><T107/><D107/><U60/><E57/><V67/><F67/><AGARI ba="0,0" hai="4,10,13,61,67,71,88,94,98,134,135" m="41994" machi="67" ten="30,3900,0" yaku="14,1,52,1,54,1" doraHai="59" who="0" fromWho="2" sc="286,39,199,0,257,-39,258,0" /><INIT seed="4,0,0,5,4,26" ten="325,199,218,258" oya="0" hai0="78,117,59,48,110,24,57,104,64,11,67,61,31" hai1="44,105,112,131,21,119,82,63,124,107,132,129,16" hai2="22,77,40,29,97,115,79,60,93,85,28,100,114" hai3="86,133,102,121,123,51,34,9,13,39,135,88,14"/><T74/><D117/><U62/><E119/><V36/><F60/><N who="1" m="23081" /><E112/><N who="2" m="43051" /><F22/><W80/><G39/><T4/><D104/><N who="1" m="40011" /><E82/><N who="2" m="47311" /><F79/><W5/><G34/><T125/><D78/><U30/><E44/><AGARI ba="0,0" hai="28,29,36,40,44,93,97,100" m="47311,43051" machi="44" ten="30,3900,0" yaku="15,1,52,2" doraHai="26" who="2" fromWho="1" sc="325,0,199,-39,218,39,258,0" /><INIT seed="5,0,0,1,3,119" ten="325,160,257,258" oya="1" hai0="0,135,92,32,30,129,23,108,58,115,25,127,51" hai1="57,40,19,20,6,96,122,42,8,18,50,59,80" hai2="2,49,118,86,110,97,117,78,132,11,29,24,12" hai3="34,56,38,1,64,17,69,105,68,16,13,107,62"/><U66/><E122/><V120/><F110/><W37/><G1/><T41/><D108/><U10/><E96/><V123/><F132/><W72/><G72/><T74/><D135/><U76/><E66/><V71/><F71/><W126/><G126/><T3/><D32/><U100/><E100/><V93/><F2/><W131/><G131/><T101/><D74/><U43/><E76/><V7/><F49/><W44/><G34/><T52/><D129/><U26/><E80/><V89/><F117/><W133/><G133/><T130/><D130/><U28/><E50/><V55/><F55/><W15/><G44/><T35/><D35/><U90/><E90/><V54/><F54/><W60/><G56/><N who="1" m="21578" /><E6/><V104/><F118/><W114/><REACH who="3" step="1"/><G114/><REACH who="3" ten="325,160,257,248" step="2"/><T84/><D127/><U67/><E67/><AGARI ba="0,1" hai="13,15,16,17,37,38,60,62,64,67,68,69,105,107" machi="67" ten="25,8000,1" yaku="1,1,2,1,22,2,54,1,53,0" doraHai="119" doraHaiUra="21" who="3" fromWho="1" sc="325,0,160,-80,257,0,248,90" /><INIT seed="6,0,0,4,4,52" ten="325,80,257,338" oya="2" hai0="74,109,66,1,27,51,102,90,126,114,18,87,118" hai1="108,85,75,3,72,96,98,129,134,19,62,40,23" hai2="61,125,116,42,68,76,2,55,127,49,54,78,107" hai3="57,7,105,132,58,71,36,86,131,12,83,16,0"/><V99/><F2/><W25/><G36/><T14/><D1/><U34/><E108/><V124/><F116/><W79/><G71/><T69/><D109/><U103/><E3/><V112/><F112/><W92/><G105/><T82/><D118/><U28/><E129/><V123/><F123/><W104/><G104/><T17/><D27/><U45/><E134/><V31/><F31/><W6/><G132/><T13/><D102/><U53/><E34/><V43/><F107/><W47/><G131/><T35/><D35/><U130/><E130/><V93/><F68/><W84/><G25/><T60/><D74/><U10/><E28/><V15/><F15/><W20/><G0/><T100/><D100/><U128/><E128/><V121/><F121/><W29/><G29/><T81/><D81/><U32/><E32/><V133/><F133/><W22/><G47/><T97/><D97/><U91/><E72/><V80/><F80/><W38/><G38/><T135/><D135/><U77/><E75/><V48/><F61/><W95/><G22/><T39/><D39/><U9/><E77/><V8/><F8/><N who="1" m="3177" /><E103/><N who="2" m="60911" /><F78/><W11/><G11/><T44/><D114/><U50/><E98/><V113/><F113/><W26/><G26/><T89/><D69/><U41/><E96/><V73/><F73/><W115/><G115/><T56/><D14/><N who="1" m="9719" /><E62/><V67/><F76/><W5/><G95/><T122/><D122/><U70/><E70/><V63/><F63/><W21/><G21/><T120/><D60/><U46/><E46/><N who="2" m="25687" /><F67/><W111/><G111/><T59/><D120/><U94/><AGARI ba="0,0" hai="40,41,45,50,53,85,91,94" m="9719,3177" machi="94" ten="30,2000,0" yaku="5,1,8,1" doraHai="52" who="1" fromWho="1" sc="325,-5,80,20,257,-10,338,-5" /><INIT seed="7,0,0,5,2,114" ten="320,100,247,333" oya="3" hai0="27,71,125,85,131,126,8,38,68,30,36,24,81" hai1="105,122,117,73,62,58,80,74,115,91,128,44,34" hai2="88,109,108,10,66,69,53,134,6,107,129,33,67" hai3="65,46,127,43,26,11,100,119,25,118,56,63,64"/><W20/><G100/><T22/><D8/><U79/><E105/><V113/><F33/><W78/><G78/><T37/><D131/><U111/><E122/><V82/><F107/><W123/><G123/><T32/><D125/><U106/><E111/><V21/><F113/><W39/><G11/><T104/><D126/><U47/><E106/><V23/><F69/><W102/><G102/><T29/><REACH who="0" step="1"/><D104/><REACH who="0" ten="310,100,247,333" step="2"/><U89/><E34/><V83/><F129/><W103/><G127/><T98/><D98/><U4/><E128/><V94/><F109/><W31/><G25/><T60/><D60/><U135/><E135/><V70/><F134/><W14/><G14/><T132/><D132/><U3/><E117/><V45/><F108/><W52/><REACH who="3" step="1"/><G103/><REACH who="3" ten="310,100,247,323" step="2"/><T9/><D9/><U130/><E130/><V16/><F10/><W76/><G76/><AGARI ba="0,2" hai="22,24,27,29,30,32,36,37,38,68,71,76,81,85" machi="76" ten="40,1300,0" yaku="1,1,53,0" doraHai="114" doraHaiUra="7" who="0" fromWho="3" sc="310,33,100,0,247,0,323,-13" owari="343,44,100,-40,247,-15,310,11" /></mjloggm>