<mjloggm ver="2.3"><GO type="137" lobby="0"/><UN n0="%E3%81%84%E3%81%9A%E3%81%BF%E3%83%BC%E3%82%8B" n1="%79%5F%79%6B%63%6D" n2="%E7%95%99%E8%90%8C" n3="%E3%81%BA%E3%81%A8%E3%82%8B%E3%82%93" dan="11,12,11,10" rate="1979.83,1622.34,1582.25,1533.96" sx="M,M,F,F"/><TAIKYOKU oya="0"/><INIT seed="0,0,0,2,2,6" ten="250,250,250,250" oya="0" hai0="111,79,85,123,122,114,103,118,34,45,22,92,59" hai1="96,100,130,115,56,84,0,68,20,108,57,129,17" hai2="66,67,128,90,98,61,44,62,132,47,105,134,53" hai3="112,12,5,72,30,14,127,78,74,83,38,102,80"/><T93/><D34/><U35/><E68/><V125/><F105/><W50/><G112/><T32/><D32/><U104/><E35/><V29/><F29/><W63/><G127/><T41/><D114/><U82/><E115/><V106/><F125/><W73/><G30/><T51/><D118/><U52/><E0/><V126/><F126/><W131/><G102/><T46/><D111/><U97/><E97/><V7/><F7/><W124/><G124/><T55/><D46/><U95/><E104/><V87/><F106/><W37/><G131/><T26/><D123/><U65/><E108/><V101/><F128/><N who="1" m="49257" /><E65/><N who="2" m="24587" /><F101/><W60/><G50/><T121/><D121/><U39/><E39/><V8/><F8/><W48/><G48/><T21/><D122/><U33/><E33/><V133/><F98/><W77/><G72/><T23/><D103/><U89/><E52/><V113/><F113/><W25/><G25/><AGARI ba="0,0" hai="17,20,25,56,57,82,84,89,95,96,100" m="49257" machi="25" ten="30,1000,0" yaku="19,1" doraHai="6" who="1" fromWho="3" sc="250,0,250,10,250,0,250,-10" /><INIT seed="1,0,0,2,2,19" ten="250,260,250,240" oya="1" hai0="107,70,32,55,36,102,114,43,1,0,76,35,87" hai1="3,124,38,47,45,101,96,108,61,104,95,51,88" hai2="119,79,63,78,77,128,8,12,113,29,84,34,111" hai3="93,39,133,54,5,130,120,66,46,85,110,62,52"/><U49/><E3/><V25/><F119/><W68/><G5/><T16/><D114/><U26/><E38/><V59/><F113/><W73/><G73/><T17/><D70/><U42/><E124/><V86/><F111/><W20/><G110/><T131/><D55/><U48/><E61/><V9/><F128/><W90/><G130/><T127/><D131/><U82/><E82/><V4/><REACH who="2" step="1"/><F9/><REACH who="2" ten="250,260,240,240" step="2"/><W112/><G112/><T56/><D127/><U24/><E108/><V129/><F129/><W60/><G120/><T40/><D36/><U106/><E106/><V74/><F74/><W117/><G117/><T13/><D107/><U33/><E104/><V44/><F44/><W122/><G122/><T99/><D35/><U75/><E47/><V14/><F14/><W21/><G133/><T100/><D13/><U27/><E45/><V31/><F31/><W92/><G39/><T28/><D28/><U15/><E33/><V64/><AGARI ba="0,1" hai="4,8,12,25,29,34,59,63,64,77,78,79,84,86" machi="64" ten="30,7900,0" yaku="1,1,0,1,53,2" doraHai="19" doraHaiUra="81" who="2" fromWho="2" sc="250,-20,260,-39,240,89,240,-20" /><INIT seed="2,0,0,2,0,79" ten="230,221,329,220" oya="2" hai0="98,90,114,132,127,126,135,131,59,124,93,94,29" hai1="110,86,76,130,3,15,123,17,2,57,48,11,7" hai2="39,44,115,89,42,69,5,14,61,50,22,37,70" hai3="118,24,58,30,107,134,95,32,106,8,99,113,62"/><V49/><F115/><W19/><G118/><T1/><D1/><U108/><E123/><V27/><F89/><W52/><G113/><T91/><D29/><U20/><E130/><V47/><F5/><W117/><G117/><T129/><D114/><U120/><E120/><V55/><F14/><W13/><REACH who="3" step="1"/><G134/><REACH who="3" ten="230,221,329,210" step="2"/><N who="0" m="51243" /><D59/><U112/><E112/><V100/><F100/><AGARI ba="0,1" hai="8,13,19,24,30,32,52,58,62,95,99,100,106,107" machi="100" ten="30,3900,0" yaku="1,1,7,1,54,1,53,0" doraHai="79" doraHaiUra="78" who="3" fromWho="2" sc="230,0,221,0,329,-39,210,49" /><INIT seed="3,0,0,5,4,89" ten="230,221,290,259" oya="3" hai0="115,7,29,86,1,53,133,11,104,102,110,97,32" hai1="14,119,4,30,43,54,112,129,19,22,96,121,56" hai2="63,52,126,81,100,123,6,34,94,23,124,108,31" hai3="36,125,66,39,35,83,79,3,117,42,17,24,120"/><W135/><G120/><T50/><D115/><U15/><E121/><V107/><F123/><W105/><G117/><T64/><D133/><U33/><E119/><V40/><F40/><W13/><G135/><T60/><D110/><U59/><E129/><V25/><F108/><W92/><G3/><T18/><D18/><U82/><E112/><V99/><F6/><W27/><G105/><T55/><D86/><U130/><E130/><V76/><F107/><W118/><G118/><T16/><D50/><U45/><E33/><V9/><F9/><W21/><G66/><T69/><REACH who="0" step="1"/><D16/><REACH who="0" ten="220,221,290,259" step="2"/><U72/><E19/><V47/><F34/><W80/><G36/><T61/><D61/><U85/><E30/><V95/><F95/><W48/><G39/><T134/><D134/><U93/><E72/><V51/><REACH who="2" step="1"/><F63/><REACH who="2" ten="220,221,280,259" step="2"/><W109/><G109/><T114/><D114/><U70/><E22/><V49/><F49/><W113/><G113/><T5/><D5/><U44/><E4/><V73/><AGARI ba="0,2" hai="23,25,31,47,51,52,73,76,81,94,99,100,124,126" machi="73" ten="30,7900,0" yaku="1,1,0,1,52,1,54,1,53,0" doraHai="89" doraHaiUra="128" who="2" fromWho="2" sc="220,-20,221,-20,280,99,259,-39" /><INIT seed="4,0,0,5,2,114" ten="200,201,379,220" oya="0" hai0="104,27,67,116,61,20,25,66,31,34,22,95,80" hai1="86,7,9,112,62,103,81,33,39,129,132,64,11" hai2="78,54,106,107,71,124,68,70,21,115,51,89,99" hai3="92,109,79,0,73,43,32,130,123,45,65,55,100"/><T97/><D116/><U127/><E112/><V6/><F115/><W108/><G123/><T49/><D104/><U93/><E39/><V60/><F124/><W117/><G55/><T1/><D1/><U84/><E127/><V46/><F78/><W18/><G18/><T19/><D34/><U3/><E33/><V113/><F113/><W5/><G32/><T101/><D49/><U76/><E132/><V50/><F6/><W120/><G120/><T10/><D10/><U44/><E11/><V52/><F21/><W42/><G92/><T121/><D121/><U56/><E44/><V75/><F75/><W119/><G42/><T41/><D41/><U83/><E129/><V47/><REACH who="2" step="1"/><F60/><REACH who="2" ten="200,201,369,220" step="2"/><W16/><G130/><T87/><REACH who="0" step="1"/><D61/><REACH who="0" ten="190,201,369,220" step="2"/><U122/><E62/><V15/><F15/><W85/><G73/><T131/><D131/><U38/><E3/><V35/><F35/><W40/><G0/><T102/><D102/><U88/><E103/><V24/><F24/><W110/><G100/><T17/><D17/><U63/><E122/><V96/><F96/><W14/><G5/><T28/><D28/><U69/><E63/><V13/><F13/><W57/><G65/><T105/><D105/><U134/><E64/><V94/><AGARI ba="0,2" hai="46,47,50,51,52,54,68,70,71,89,94,99,106,107" machi="94" ten="40,8000,1" yaku="1,1,0,1,9,1,54,1,53,0" doraHai="114" doraHaiUra="8" who="2" fromWho="2" sc="190,-40,201,-20,369,100,220,-20" /><INIT seed="5,0,0,4,0,29" ten="150,181,469,200" oya="1" hai0="67,37,109,76,5,92,73,135,90,10,16,58,40" hai1="93,0,70,108,9,36,89,71,51,101,52,81,105" hai2="128,8,35,4,59,62,20,1,22,41,32,83,13" hai3="25,3,49,34,126,95,120,107,86,27,78,33,125"/><U115/><E115/><V121/><F121/><W106/><G120/><T94/><D109/><U99/><E36/><V91/><F128/><W39/><G49/><T21/><D135/><U80/><E108/><V14/><F41/><W64/><G64/><T103/><D103/><U15/><E0/><V30/><F91/><W84/><G86/><T77/><D94/><U132/><E132/><V60/><F83/><W134/><G134/><T19/><D73/><U131/><E131/><V47/><F47/><W61/><G61/><T75/><D67/><U104/><E104/><N who="3" m="39978" /><G84/><T23/><D58/><U119/><E119/><V17/><F62/><W68/><G95/><T87/><D75/><U53/><E80/><V100/><F100/><W123/><G78/><T12/><D37/><U7/><E81/><V11/><F60/><W130/><G123/><T133/><D40/><U56/><REACH who="1" step="1"/><E53/><REACH who="1" ten="150,171,469,200" step="2"/><V28/><F59/><W18/><G130/><T38/><D38/><U96/><AGARI ba="0,1" hai="7,9,15,51,52,56,70,71,89,93,96,99,101,105" machi="96" ten="20,18000,2" yaku="1,1,2,1,0,1,7,1,54,1,53,1" doraHai="29" doraHaiUra="85" who="1" fromWho="1" sc="150,-60,171,190,469,-60,200,-60" /><INIT seed="5,1,0,0,3,124" ten="90,361,409,140" oya="1" hai0="90,68,83,32,53,0,105,88,82,77,44,66,25" hai1="65,84,122,71,9,3,129,110,41,22,103,96,60" hai2="131,108,70,8,69,87,93,24,120,62,57,78,135" hai3="23,76,46,132,5,28,45,89,34,91,6,47,26"/><U97/><E122/><V38/><F108/><W30/><G132/><T37/><D0/><U128/><E41/><V1/><F120/><W19/><G76/><T100/><D82/><U114/><E114/><V118/><F118/><W63/><G34/><T33/><D53/><U104/><E84/><V55/><F38/><W15/><G63/><T99/><D33/><U101/><E110/><V113/><F135/><W94/><G94/><T49/><D49/><U13/><E22/><V123/><F123/><W39/><G39/><T95/><D44/><U115/><E3/><V130/><F113/><W42/><G42/><T52/><D37/><U116/><E116/><V119/><F119/><W7/><REACH who="3" step="1"/><G26/><REACH who="3" ten="90,361,409,130" step="2"/><T117/><D117/><U43/><E115/><V111/><F111/><W50/><G50/><T17/><D32/><U134/><E43/><V21/><F24/><W61/><G61/><T14/><D25/><U112/><E134/><V58/><F1/><W75/><G75/><T67/><D95/><U127/><E112/><V40/><F40/><W86/><G86/><T107/><D107/><U16/><REACH who="1" step="1"/><E127/><REACH who="1" ten="90,351,409,130" step="2"/><V48/><F87/><W18/><G18/><T56/><D17/><U109/><E109/><V102/><F78/><W73/><G73/><T20/><D77/><U98/><E98/><V133/><F133/><W72/><G72/><T10/><D99/><U80/><E80/><V81/><F81/><W54/><G54/><T64/><D83/><U12/><E12/><V31/><F31/><AGARI ba="1,2" hai="5,6,7,15,19,23,28,30,31,45,46,47,89,91" machi="31" ten="40,2600,0" yaku="1,1,8,1,53,0" doraHai="124" doraHaiUra="4" who="3" fromWho="2" sc="90,0,351,0,409,-29,130,49" /><INIT seed="6,0,0,5,0,20" ten="90,351,380,179" oya="2" hai0="90,30,111,132,36,106,78,62,135,17,34,92,23" hai1="99,133,8,63,28,45,124,116,97,73,131,60,35" hai2="33,7,101,9,86,5,98,4,41,57,50,112,11" hai3="89,66,103,2,100,42,13,134,123,88,65,44,26"/><V119/><F119/><W105/><G2/><T110/><D36/><U67/><E116/><V95/><F112/><W22/><G105/><T18/><D106/><U3/><E73/><V94/><F33/><W0/><G0/><T47/><D78/><U115/><E115/><V79/><F41/><W52/><G123/><T61/><D47/><U91/><E133/><V122/><F122/><W114/><G134/><N who="0" m="51243" /><D62/><U77/><E131/><V129/><F129/><W16/><G114/><T127/><D61/><U54/><E124/><V84/><F50/><W87/><G42/><T107/><D107/><U108/><E77/><V72/><F57/><W118/><G118/><T49/><D49/><U58/><E108/><N who="0" m="41513" /><D127/><U53/><E53/><V24/><F24/><W120/><G120/><T80/><D80/><U81/><E45/><V48/><F48/><N who="3" m="28679" /><G89/><T121/><D121/><U1/><E8/><V68/><F68/><W128/><G128/><T43/><D43/><U6/><E6/><V82/><REACH who="2" step="1"/><F72/><REACH who="2" ten="90,351,370,179" step="2"/><W85/><G87/><N who="0" m="52319" /><D34/><U21/><E58/><V31/><F31/><W15/><G66/><T113/><D113/><U39/><E28/><V55/><F55/><W75/><G75/><T56/><D56/><U59/><E54/><V125/><F125/><W40/><G40/><T74/><D74/><U117/><E59/><V109/><F109/><W38/><G65/><T32/><D32/><U14/><E35/><V12/><F12/><N who="3" m="4683" /><G38/><T130/><D130/><U93/><E39/><V126/><F126/><W69/><G69/><T25/><D30/><U70/><E70/><V96/><F96/><RYUUKYOKU ba="0,1" sc="90,10,351,-30,370,10,179,10" hai0="17,18,23,25" hai2="4,5,7,9,11,79,82,84,86,94,95,98,101" hai3="16,22,26,85,88,100,103" /><INIT seed="6,1,1,3,2,120" ten="100,321,380,189" oya="2" hai0="134,34,70,114,3,33,82,84,31,11,128,50,122" hai1="118,81,65,51,135,91,74,99,123,10,88,71,125" hai2="36,1,68,86,62,132,129,89,29,78,37,46,0" hai3="49,61,105,14,127,38,67,75,109,85,97,42,66"/><V77/><F29/><W35/><G75/><T6/><D70/><U16/><E123/><V58/><F68/><W8/><G38/><T106/><D106/><U73/><E118/><V45/><F129/><W93/><G127/><T92/><D122/><U43/><E135/><V113/><F113/><W115/><G35/><T19/><D128/><U4/><E125/><V41/><F132/><W63/><G115/><T23/><D134/><U28/><E28/><V108/><F108/><W55/><G105/><T64/><D64/><U21/><E71/><V83/><F0/><W96/><G42/><T107/><D107/><U95/><E65/><V94/><F1/><W15/><G109/><T5/><D5/><U131/><E131/><V126/><F126/><W47/><G15/><T53/><D114/><U54/><E43/><V26/><F26/><W44/><G44/><T72/><D72/><U52/><E74/><V69/><F69/><W90/><G66/><T104/><D104/><U80/><E73/><V110/><F110/><W100/><G97/><T117/><D31/><U59/><E54/><V57/><F94/><W102/><G67/><T2/><D92/><U25/><E91/><V133/><F133/><W24/><G24/><N who="0" m="14463" /><D2/><AGARI ba="1,1" hai="2,4,10,16,21,25,51,52,59,80,81,88,95,99" machi="2" ten="30,7700,0" yaku="7,1,54,3" doraHai="120" who="1" fromWho="0" sc="100,-80,321,90,380,0,189,0" /><INIT seed="7,0,0,4,1,57" ten="20,411,380,189" oya="3" hai0="116,113,23,134,117,76,32,44,119,18,120,88,135" hai1="131,75,64,107,46,21,97,96,84,1,94,132,122" hai2="42,82,104,35,70,105,25,67,28,101,4,73,30" hai3="103,95,100,7,5,85,40,74,52,39,128,49,37"/><W121/><G74/><T48/><D76/><U129/><E122/><V81/><F28/><W38/><G121/><T36/><D88/><U90/><E1/><V80/><F73/><W69/><G69/><T10/><D120/><U110/><E110/><V43/><F4/><W86/><G128/><N who="1" m="49226" /><E46/><V77/><F77/><W63/><G40/><T51/><D36/><U59/><E21/><V133/><F133/><W31/><G31/><T6/><D44/><U15/><E75/><V118/><F118/><W47/><G63/><T62/><D62/><N who="1" m="37983" /><E15/><V61/><REACH who="2" step="1"/><F105/><REACH who="2" ten="20,411,370,189" step="2"/><W55/><G55/><T33/><D51/><U87/><E132/><V0/><F0/><W41/><G41/><T34/><D48/><U106/><E106/><V68/><F68/><W78/><G78/><T71/><D71/><U14/><E107/><V29/><F29/><W2/><G2/><T8/><D113/><U125/><E125/><V27/><F27/><W109/><G109/><T124/><D124/><U112/><E112/><V114/><F114/><W24/><G24/><T60/><D60/><U98/><E14/><V56/><F56/><W17/><G17/><T99/><D99/><AGARI ba="0,1" hai="84,87,90,94,96,97,98,99" m="37983,49226" machi="99" ten="30,2000,0" yaku="19,1,52,1" doraHai="57" who="1" fromWho="0" sc="20,-20,411,30,370,0,189,0" /><AGARI ba="0,0" hai="25,30,35,42,43,61,67,70,80,81,82,99,101,104" machi="99" ten="40,8000,1" yaku="1,1,25,2,52,1,53,1" doraHai="57" doraHaiUra="22" who="2" fromWho="0" sc="0,-80,441,0,370,80,189,0" owari="-80,-58,441,24,450,55,189,-21" /></mjloggm>