<mjloggm ver="2.3"><GO type="137" lobby="0"/><UN n0="%33%67%69%70%68%6F%6E%65" n1="%6B%31%36" n2="%E7%95%99%E8%90%8C" n3="%E3%82%A2%E3%82%AF%E3%82%A2%E3%81%AD%E3%81%93" dan="12,11,12,10" rate="1634.10,1574.38,1583.29,1504.77" sx="M,M,F,M"/><TAIKYOKU oya="0"/><INIT seed="0,0,0,4,1,54" ten="250,250,250,250" oya="0" hai0="82,77,120,121,40,16,4,63,116,75,93,23,12" hai1="38,45,60,21,101,71,76,33,125,24,17,27,52" hai2="88,132,29,106,95,129,112,107,69,30,31,131,94" hai3="14,102,103,122,72,108,91,114,25,19,130,65,70"/><T115/><D116/><U9/><E76/><V3/><F112/><W36/><G114/><T66/><D115/><U119/><E119/><V5/><F69/><W18/><G72/><T135/><D40/><U51/><E38/><V50/><F132/><W32/><G36/><T61/><D135/><U8/><E101/><V15/><F3/><W86/><G130/><N who="2" m="49673" /><F50/><W105/><G105/><N who="2" m="39945" /><F5/><W59/><G86/><T7/><D121/><U109/><E109/><V47/><F47/><W110/><G91/><T80/><D120/><U79/><E79/><V123/><F123/><W74/><G74/><T11/><D7/><U99/><E99/><V58/><F15/><W118/><G118/><T35/><D35/><U34/><E34/><V56/><F88/><W96/><G96/><T57/><D77/><U42/><E42/><V100/><F100/><W133/><G102/><T98/><D75/><U104/><E104/><V87/><F87/><W10/><G103/><T124/><D124/><U117/><E117/><V39/><F39/><W46/><G133/><T44/><D44/><U68/><E68/><V1/><F1/><W92/><G92/><AGARI ba="0,0" hai="29,30,31,56,58,92,94,95" m="39945,49673" machi="92" ten="40,8000,1" yaku="28,2,19,1,52,2" doraHai="54" who="2" fromWho="3" sc="250,0,250,0,250,80,250,-80" /><INIT seed="1,0,0,0,4,101" ten="250,250,330,170" oya="1" hai0="36,28,113,3,109,42,49,48,117,31,16,126,63" hai1="2,52,86,80,40,59,112,123,51,94,84,54,83" hai2="121,60,39,128,41,120,95,27,30,100,108,62,97" hai3="47,12,103,65,15,1,129,114,4,134,37,130,64"/><U98/><E2/><V10/><F120/><W33/><G33/><T38/><D117/><U107/><E123/><V20/><F121/><W35/><G35/><T50/><D113/><U18/><E107/><V45/><F128/><N who="3" m="49259" /><G114/><T74/><D3/><U21/><E40/><V7/><REACH who="2" step="1"/><F108/><REACH who="2" ten="250,250,320,170" step="2"/><W106/><G134/><T102/><D109/><U116/><E116/><V17/><F17/><W29/><G29/><T91/><D74/><U71/><E71/><V122/><F122/><W34/><G34/><T89/><D126/><U70/><E70/><V87/><F87/><N who="1" m="33321" /><E112/><V23/><F23/><W67/><G4/><T81/><D16/><U99/><E18/><V93/><F93/><W5/><G5/><T57/><D102/><U77/><E21/><V78/><F78/><W19/><G1/><AGARI ba="0,1" hai="1,7,10,20,27,30,39,41,45,60,62,95,97,100" machi="1" ten="30,3900,0" yaku="1,1,7,1,53,1" doraHai="101" doraHaiUra="25" who="2" fromWho="3" sc="250,0,250,0,320,49,170,-39" /><INIT seed="2,0,0,4,1,0" ten="250,250,369,131" oya="2" hai0="110,85,114,96,126,24,115,69,28,80,33,103,31" hai1="121,63,30,134,83,9,44,34,116,78,135,53,120" hai2="37,101,66,52,123,58,92,39,64,67,65,88,105" hai3="128,13,97,89,18,5,45,72,75,112,118,127,132"/><V74/><F123/><N who="1" m="47177" /><E34/><V106/><F74/><W51/><G132/><N who="1" m="50730" /><E30/><V108/><F108/><W68/><G68/><T60/><D126/><U48/><E9/><V131/><F131/><W46/><G128/><T6/><D110/><U125/><E125/><V117/><F117/><W7/><G112/><T12/><D12/><U109/><E109/><V94/><N who="2" m="16896" /><DORA hai="42" /><V113/><F113/><W99/><G118/><T122/><D60/><U50/><E63/><V10/><F10/><N who="3" m="6455" /><G72/><T104/><D69/><U100/><E100/><V26/><F26/><W76/><G75/><T19/><D122/><U1/><E1/><V49/><F101/><W54/><G76/><T8/><D19/><U84/><E50/><V95/><REACH who="2" step="1"/><F88/><REACH who="2" ten="250,250,359,131" step="2"/><W27/><G127/><T79/><D8/><U57/><E116/><V59/><F59/><AGARI ba="0,1" hai="44,48,53,57,59,78,83,84" m="50730,47177" machi="59" ten="30,3900,0" yaku="13,1,20,1,52,1" doraHai="0,42" who="1" fromWho="2" sc="250,0,250,49,359,-39,131,0" /><INIT seed="3,0,0,5,5,108" ten="250,299,320,131" oya="3" hai0="122,22,120,43,66,11,35,46,103,101,76,8,90" hai1="41,31,50,60,123,85,93,27,17,82,19,55,2" hai2="1,104,29,131,4,40,63,88,67,61,107,57,56" hai3="130,62,133,78,111,38,135,65,113,32,119,34,84"/><W14/><G119/><T7/><D35/><U86/><E2/><V51/><F29/><W37/><G111/><T64/><D76/><U54/><E41/><V87/><F131/><W44/><G130/><T105/><D90/><N who="1" m="53455" /><E60/><V39/><F39/><N who="3" m="14859" /><G44/><T74/><D74/><U80/><E82/><V91/><F4/><W69/><G14/><T79/><D79/><U33/><E33/><V98/><F1/><W125/><G125/><T26/><D43/><U97/><E97/><V58/><F107/><W73/><G84/><T42/><D42/><U21/><E55/><N who="2" m="31871" /><F104/><W75/><G113/><T126/><D46/><N who="1" m="27991" /><E123/><V52/><F40/><W0/><G0/><T20/><D126/><U95/><E95/><N who="2" m="54687" /><F91/><AGARI ba="0,0" hai="17,19,21,27,31,80,86,91" m="27991,53455" machi="91" ten="30,1000,0" yaku="8,1" doraHai="108" who="1" fromWho="2" sc="250,0,299,10,320,-10,131,0" /><INIT seed="4,0,0,4,1,129" ten="250,309,310,131" oya="0" hai0="55,9,1,25,95,131,120,65,45,77,6,96,104" hai1="97,32,62,26,112,127,47,4,14,52,40,27,5" hai2="39,100,20,61,44,41,69,108,83,134,16,88,35" hai3="28,121,116,70,79,87,82,78,105,38,57,115,37"/><T34/><D120/><U56/><E112/><V72/><F35/><W75/><G116/><T71/><D131/><U60/><E32/><V8/><F100/><W123/><G115/><T36/><D55/><U23/><E26/><V130/><F108/><W31/><G70/><T64/><D64/><U21/><E23/><V92/><F130/><W125/><G105/><T43/><D95/><U74/><E74/><V53/><F134/><W114/><G114/><T58/><D58/><U113/><E127/><V19/><F72/><W76/><G125/><T22/><D22/><U106/><E60/><V101/><F69/><W109/><G57/><T107/><D77/><N who="3" m="29801" /><G109/><T85/><D85/><U91/><E106/><V122/><F122/><N who="3" m="46603" /><G75/><T124/><D124/><U0/><E14/><V63/><F83/><W59/><G59/><T48/><D48/><N who="1" m="26727" /><E0/><V30/><F30/><N who="3" m="11307" /><G87/><T99/><D99/><U135/><E135/><V133/><F133/><W51/><G51/><T103/><D107/><U86/><E97/><V73/><F73/><W33/><G33/><T93/><D93/><N who="1" m="54519" /><E113/><V80/><F92/><W42/><N who="3" m="29809" /><W13/><DORA hai="7" /><G13/><T49/><D49/><U29/><AGARI ba="0,0" hai="4,5,21,27,29,52,56,62" m="54519,26727" machi="29" ten="30,2000,0" yaku="8,1,54,1" doraHai="129,7" who="1" fromWho="1" sc="250,-10,309,20,310,-5,131,-5" /><INIT seed="5,0,0,0,1,100" ten="240,329,305,126" oya="1" hai0="127,21,10,113,129,63,91,87,42,95,69,110,81" hai1="9,7,12,15,33,94,25,82,58,54,14,35,62" hai2="38,32,27,13,103,122,68,118,114,93,130,126,2" hai3="39,99,83,36,72,109,107,47,89,120,4,57,73"/><U133/><E133/><V34/><RYUUKYOKU type="yao9" ba="0,0" sc="240,0,329,0,305,0,126,0" hai2="2,13,27,32,34,38,68,93,103,114,118,122,126,130" /><INIT seed="5,1,0,2,2,84" ten="240,329,305,126" oya="1" hai0="89,45,51,61,97,131,11,95,59,48,22,26,9" hai1="91,80,110,52,46,69,65,101,98,120,50,5,126" hai2="78,111,27,47,134,102,74,108,96,85,57,128,115" hai3="113,116,87,39,109,13,10,121,82,21,30,15,68"/><U28/><E120/><V54/><F111/><W63/><G121/><T76/><D131/><U107/><E126/><V16/><F108/><W70/><G113/><T2/><D2/><U44/><E5/><V49/><F115/><W117/><G109/><T60/><D76/><U119/><E119/><N who="3" m="45642" /><G39/><T112/><D112/><U37/><E28/><V130/><F134/><W40/><G40/><T38/><D38/><U62/><E110/><V25/><F74/><W34/><G34/><T100/><D60/><U105/><E105/><V17/><F78/><N who="3" m="46551" /><G63/><T133/><D133/><U72/><E72/><V135/><F135/><W132/><G132/><T127/><D127/><U99/><E80/><V88/><F47/><W58/><G58/><T90/><D51/><U129/><E129/><N who="2" m="49771" /><F25/><N who="3" m="16687" /><G15/><T53/><D11/><U23/><E23/><N who="2" m="13799" /><F17/><AGARI ba="1,0" hai="10,13,17,68,70" m="16687,46551,45642" machi="17" ten="30,1000,0" yaku="12,1" doraHai="84" who="3" fromWho="2" sc="240,0,329,0,305,-13,126,13" /><INIT seed="6,0,0,0,1,13" ten="240,329,292,139" oya="2" hai0="76,38,32,47,112,116,46,80,19,15,125,64,119" hai1="31,74,54,55,95,79,51,25,96,122,93,9,84" hai2="91,34,42,8,131,89,52,36,130,21,99,127,67" hai3="14,53,83,62,128,48,70,86,26,59,135,81,18"/><V118/><F118/><W121/><G135/><T16/><D125/><U109/><E74/><V90/><F34/><W88/><G128/><N who="2" m="49193" /><F127/><W27/><G121/><T82/><D32/><U85/><E109/><V87/><F67/><W65/><REACH who="3" step="1"/><G83/><REACH who="3" ten="240,329,292,129" step="2"/><N who="0" m="31787" /><D112/><U113/><E122/><V40/><F36/><W78/><G78/><T66/><D38/><U105/><E79/><V5/><F21/><AGARI ba="0,1" hai="14,18,21,26,27,48,53,59,62,65,70,81,86,88" machi="21" ten="30,7700,0" yaku="1,1,7,1,52,1,54,1,53,0" doraHai="13" doraHaiUra="97" who="3" fromWho="2" sc="240,0,329,0,292,-77,129,87" /><INIT seed="7,0,0,4,5,106" ten="240,329,215,216" oya="3" hai0="30,86,95,36,58,56,52,114,122,16,110,126,46" hai1="62,24,129,7,33,34,128,53,82,18,93,132,107" hai2="27,0,97,116,76,10,104,98,2,121,99,8,135" hai3="118,66,21,9,111,14,50,49,37,42,71,90,123"/><W12/><G118/><T109/><D122/><U11/><E107/><V45/><F116/><W96/><G123/><T101/><D126/><U87/><E93/><V134/><F121/><W32/><G32/><T105/><D114/><U83/><E82/><V133/><F76/><W6/><G37/><T39/><D30/><U57/><E18/><V70/><F70/><W19/><G111/><T92/><D110/><U79/><E24/><V88/><F27/><W75/><G75/><T68/><D109/><U54/><E54/><V112/><F112/><W25/><G42/><T65/><D105/><U84/><E87/><V130/><F104/><W81/><G71/><T94/><D101/><U15/><E132/><V47/><F130/><AGARI ba="0,0" hai="7,11,15,33,34,53,57,62,79,83,84,128,129,130" machi="130" ten="40,1300,0" yaku="19,1" doraHai="106" who="1" fromWho="2" sc="240,0,329,13,215,-13,216,0" owari="240,4,342,44,202,-30,216,-18" /></mjloggm>