<mjloggm ver="2.3"><GO type="137" lobby="0"/><UN n0="%E4%B8%89%E8%89%B2%E3%81%AE%E9%AD%94%E6%B3%95%E4%BD%BF%CE%94" n1="%E3%83%88%E3%83%9E%E3%83%BC%E3%83%AB" n2="%53%68%69%67%65%6D%6F" n3="%E7%95%99%E8%90%8C" dan="12,10,13,11" rate="1599.36,1424.88,1687.23,1543.06" sx="M,M,M,F"/><TAIKYOKU oya="0"/><INIT seed="0,0,0,2,3,73" ten="250,250,250,250" oya="0" hai0="3,124,6,42,39,76,28,113,84,23,81,99,109" hai1="132,126,36,100,133,34,95,60,127,9,101,46,68" hai2="45,65,70,134,120,119,116,1,44,135,72,61,38" hai3="56,30,62,103,125,111,55,123,104,32,10,58,128"/><T31/><D113/><U71/><E34/><V91/><F1/><W110/><G123/><T69/><D69/><N who="1" m="26699" /><E9/><V98/><F72/><W63/><G125/><N who="1" m="47626" /><E60/><V106/><F91/><W20/><G32/><T75/><D124/><U96/><E46/><N who="2" m="18027" /><F98/><W41/><G41/><T48/><D39/><U29/><E36/><V64/><F106/><W74/><G74/><T122/><D122/><U88/><E29/><V115/><F120/><W67/><G128/><T43/><D3/><U2/><E2/><V94/><F94/><W97/><G10/><T85/><D6/><U18/><E18/><V12/><F12/><W90/><REACH who="3" step="1"/><G90/><REACH who="3" ten="250,250,250,240" step="2"/><T121/><D121/><U51/><E51/><V4/><F38/><W83/><G83/><T131/><D48/><U7/><E7/><V24/><F4/><W16/><G16/><T19/><D19/><U118/><E118/><N who="2" m="45099" /><F24/><AGARI ba="0,1" hai="20,24,30,55,56,58,62,63,67,97,103,104,110,111" machi="24" ten="40,5200,0" yaku="1,1,53,2" doraHai="73" doraHaiUra="53" who="3" fromWho="2" sc="250,0,250,0,250,-52,240,62" /><INIT seed="1,0,0,0,4,81" ten="250,250,198,302" oya="1" hai0="16,47,104,57,3,25,78,95,101,11,116,117,2" hai1="126,91,75,0,10,92,50,42,118,26,86,44,112" hai2="38,72,54,99,41,69,93,97,49,46,23,105,106" hai3="98,36,20,80,121,12,5,17,19,76,124,21,32"/><U39/><E112/><V27/><F69/><W71/><G121/><T28/><D104/><U13/><E118/><V74/><F99/><W77/><G36/><T7/><D78/><U96/><E75/><V24/><F106/><W51/><G71/><T122/><D122/><U40/><E126/><V67/><F105/><W113/><G113/><T34/><D2/><U52/><E26/><V87/><F67/><W37/><G37/><T102/><D47/><U114/><E114/><V83/><F27/><W109/><G32/><T108/><D108/><U35/><E35/><V135/><F135/><W127/><G109/><T60/><D16/><N who="1" m="8247" /><E0/><V4/><F4/><W89/><G51/><T58/><D58/><U9/><E39/><V30/><F38/><W53/><G53/><T131/><D131/><U94/><BYE who="0" /><E9/><UN n0="%E4%B8%89%E8%89%B2%E3%81%AE%E9%AD%94%E6%B3%95%E4%BD%BF%CE%94" /><V107/><F54/><W63/><G63/><T120/><D120/><U68/><E68/><V14/><F107/><W22/><G5/><T100/><D100/><BYE who="0" /><AGARI ba="0,0" hai="40,42,44,50,52,86,91,92,94,96,100" m="8247" machi="100" ten="30,11600,0" yaku="8,1,52,1,54,2" doraHai="81" who="1" fromWho="0" sc="250,-116,250,116,198,0,302,0" /><UN n0="%E4%B8%89%E8%89%B2%E3%81%AE%E9%AD%94%E6%B3%95%E4%BD%BF%CE%94" /><INIT seed="1,1,0,2,4,117" ten="134,366,198,302" oya="1" hai0="25,30,49,123,74,41,63,126,110,81,0,58,28" hai1="42,34,27,113,75,101,62,50,125,112,64,111,103" hai2="118,121,52,51,55,1,86,77,107,17,9,90,22" hai3="53,31,65,120,70,60,36,105,29,89,95,26,79"/><U100/><E75/><V127/><F121/><W54/><G120/><T20/><D123/><U73/><E73/><V13/><F127/><W99/><G105/><T80/><D0/><U33/><E113/><V3/><F107/><W39/><G79/><T66/><D126/><U87/><E112/><V116/><F77/><W11/><G11/><T14/><D110/><U76/><E125/><V4/><F55/><W130/><G130/><T61/><D14/><U15/><E111/><V104/><F104/><W72/><G72/><T16/><D74/><U57/><E15/><V91/><F91/><W128/><G128/><T23/><D61/><U12/><E12/><V6/><F6/><W69/><G69/><T19/><D49/><U18/><E50/><V92/><F1/><W93/><G31/><T40/><D28/><U133/><E133/><V132/><REACH who="2" step="1"/><F132/><REACH who="2" ten="134,366,188,302" step="2"/><W67/><G89/><T131/><D131/><U129/><E129/><V115/><F115/><W2/><G2/><T122/><D122/><U85/><E42/><V24/><F24/><W48/><G26/><N who="0" m="14599" /><D40/><U134/><E134/><V71/><F71/><W119/><G70/><T135/><D41/><U47/><E47/><AGARI ba="1,1" hai="3,4,9,13,17,22,47,51,52,86,90,92,116,118" machi="47" ten="30,3900,0" yaku="1,1,7,1,54,1,53,0" doraHai="117" doraHaiUra="94" who="2" fromWho="1" sc="134,0,366,-42,188,52,302,0" /><INIT seed="2,0,0,1,1,131" ten="134,324,240,302" oya="2" hai0="126,15,118,123,132,53,107,59,8,62,85,105,3" hai1="31,25,93,88,83,122,67,34,115,36,32,61,69" hai2="79,19,54,86,74,117,121,100,56,57,44,27,43" hai3="9,41,1,38,111,16,104,109,95,17,80,114,11"/><V58/><F121/><W78/><G104/><T52/><D3/><U73/><E36/><V92/><F117/><W134/><G134/><T82/><D123/><U42/><E42/><V98/><F74/><W7/><G114/><T116/><D126/><U49/><E122/><V48/><F19/><W28/><G28/><T12/><D132/><U2/><E115/><V0/><F0/><W4/><G95/><T13/><D8/><U119/><E119/><N who="0" m="45609" /><D53/><U90/><E2/><V70/><F70/><W68/><G68/><T40/><D40/><U55/><E32/><V23/><F23/><W72/><G109/><T20/><D20/><U14/><E14/><N who="0" m="3585" /><T29/><DORA hai="76" /><D29/><U26/><E26/><V37/><F27/><W63/><G63/><T130/><D130/><U77/><REACH who="1" step="1"/><E93/><REACH who="1" ten="134,314,240,302" step="2"/><V124/><F124/><W75/><G111/><T102/><D102/><U129/><E129/><V45/><F37/><W51/><G72/><T112/><D112/><U97/><E97/><V30/><F30/><W71/><G71/><T21/><D21/><U10/><E10/><V50/><F86/><W66/><G38/><T46/><D46/><AGARI ba="0,1" hai="25,31,34,46,49,55,61,67,69,73,77,83,88,90" machi="46" ten="30,7700,0" yaku="1,1,7,1,52,1,54,1,53,0" doraHai="131,76" doraHaiUra="120,133" who="1" fromWho="0" sc="134,-77,314,87,240,0,302,0" /><INIT seed="3,0,0,4,1,40" ten="57,401,240,302" oya="3" hai0="37,58,88,14,57,86,108,82,133,109,52,77,105" hai1="32,38,103,96,7,31,68,111,126,19,123,90,113" hai2="46,34,74,18,72,99,36,23,121,100,28,43,98" hai3="47,49,20,125,48,132,5,1,42,26,129,54,12"/><W30/><G132/><T117/><D105/><U134/><E123/><V70/><F121/><W93/><G1/><T55/><D37/><U71/><E113/><V91/><F70/><W69/><G69/><T21/><D117/><U4/><E38/><V106/><F34/><W75/><G75/><T45/><D133/><U60/><E134/><V118/><F28/><W89/><G129/><T56/><D77/><U92/><E111/><N who="0" m="42569" /><D45/><U39/><E39/><V116/><F91/><W84/><G125/><T102/><D102/><U59/><E126/><V63/><F63/><W104/><G104/><T65/><D65/><U127/><E127/><V10/><F98/><W66/><G66/><T101/><D88/><U131/><E131/><V112/><F112/><W33/><G33/><T9/><D21/><U0/><E19/><V15/><REACH who="2" step="1"/><F10/><REACH who="2" ten="57,401,230,302" step="2"/><N who="3" m="4175" /><G49/><T17/><D101/><U11/><E7/><V27/><F27/><W2/><G2/><T62/><D62/><U81/><E32/><V8/><F8/><W80/><G93/><T16/><D17/><U130/><E130/><V41/><F41/><AGARI ba="0,1" hai="20,26,30,41,42,47,48,54,80,84,89" m="4175" machi="41" ten="30,2900,0" yaku="8,1,52,1" doraHai="40" who="3" fromWho="2" sc="57,0,401,0,230,-29,302,39" /><INIT seed="3,1,0,2,4,85" ten="57,401,201,341" oya="3" hai0="50,19,6,56,130,84,62,73,66,121,89,135,101" hai1="131,123,5,129,45,59,134,13,2,3,51,93,29" hai2="95,61,107,9,76,10,28,96,31,52,64,86,39" hai3="88,99,40,1,109,98,80,81,125,128,68,105,67"/><W57/><G1/><N who="1" m="10" /><E123/><V49/><F39/><W30/><G68/><T77/><D121/><U118/><E118/><V54/><F107/><W102/><G40/><T46/><D130/><N who="1" m="49675" /><E93/><V114/><F114/><W26/><G128/><T63/><D135/><U36/><E29/><V91/><F76/><W12/><G125/><T103/><D77/><U55/><E134/><V43/><F43/><W74/><G109/><T78/><D78/><U126/><E126/><V18/><F86/><W21/><G12/><T116/><D73/><U127/><E127/><V8/><F18/><W65/><G74/><T37/><D6/><U106/><E106/><V124/><F124/><W70/><G70/><T71/><D37/><U69/><E69/><V53/><REACH who="2" step="1"/><F49/><REACH who="2" ten="57,401,191,341" step="2"/><W90/><G105/><T133/><D19/><U23/><E23/><V0/><F0/><W48/><G48/><T72/><D72/><U122/><E122/><V25/><F25/><W108/><G108/><T44/><D116/><U112/><E112/><V41/><F41/><W75/><G75/><T120/><D120/><U111/><E111/><V60/><F60/><W58/><G58/><AGARI ba="1,1" hai="8,9,10,28,31,52,53,54,58,61,64,91,95,96" machi="58" ten="40,8000,1" yaku="1,1,8,1,52,1,54,1,53,0" doraHai="85" doraHaiUra="17" who="2" fromWho="3" sc="57,0,401,0,191,93,341,-83" /><INIT seed="4,0,0,0,0,61" ten="57,401,284,258" oya="0" hai0="114,47,93,42,135,112,68,10,89,41,36,127,103" hai1="32,66,22,64,85,120,16,35,70,131,0,86,84" hai2="72,63,17,98,2,75,121,133,54,9,115,106,44" hai3="62,8,40,96,110,134,20,74,34,87,118,73,14"/><T76/><D127/><U59/><E0/><V23/><F121/><W5/><G118/><T24/><D135/><U117/><E117/><V25/><F133/><W3/><G134/><T52/><D103/><U28/><E120/><V33/><F115/><N who="0" m="44074" /><D68/><U77/><E131/><V21/><F33/><N who="1" m="12873" /><E28/><V129/><F129/><W71/><G110/><T105/><D105/><U58/><E22/><V29/><F9/><W38/><G34/><T13/><D42/><U78/><E70/><V116/><F2/><W95/><G87/><N who="0" m="52415" /><D24/><U130/><E130/><V7/><F7/><W50/><G38/><T67/><D76/><N who="1" m="29291" /><E16/><V108/><F108/><W119/><G119/><T11/><D67/><AGARI ba="0,0" hai="58,59,64,66,67,84,85,86" m="29291,12873" machi="67" ten="40,8000,1" yaku="28,2,52,3" doraHai="61" who="1" fromWho="0" sc="57,-80,401,80,284,0,258,0" owari="-23,-52,481,58,284,8,258,-14" /></mjloggm>