<mjloggm ver="2.3"><GO type="9" lobby="6486"/><UN n0="%E3%81%B5%E3%81%89%E3%81%8E%E3%81%83" n1="%5A%75%74%73%75%6B%69" n2="%E7%95%99%E8%90%8C" n3="%E5%B1%A4%E3%81%AE%E3%82%B3%E3%83%9B%E3%83%A2%E3%83%AD%E3%82%B8%E3%83%BC" dan="0,12,11,7" rate="1500.00,1734.29,1583.93,1513.33" sx="M,M,F,M"/><TAIKYOKU oya="0"/><INIT seed="0,0,0,4,3,32" ten="250,250,250,250" oya="0" hai0="119,105,79,132,5,96,121,2,64,104,45,124,87" hai1="36,0,111,42,40,41,26,103,109,123,94,77,66" hai2="131,15,70,81,71,11,91,93,108,76,127,51,27" hai3="74,75,47,49,95,60,25,107,18,129,72,83,9"/><T69/><D45/><U100/><E123/><V4/><F131/><W65/><G129/><T57/><D119/><U55/><E77/><V126/><F108/><N who="1" m="41545" /><E66/><V6/><F27/><W85/><G107/><T88/><D121/><U39/><E26/><V7/><F70/><W52/><G95/><T43/><D43/><U92/><E55/><V19/><F71/><W84/><G83/><T89/><D57/><U116/><E116/><V73/><REACH who="2" step="1"/><F51/><REACH who="2" ten="250,250,240,250" step="2"/><W23/><REACH who="3" step="1"/><G9/><REACH who="3" ten="250,250,240,240" step="2"/><T29/><D132/><U106/><E106/><N who="0" m="41065" /><D69/><AGARI ba="0,2" hai="18,23,25,47,49,52,60,65,69,72,74,75,84,85" machi="69" ten="40,5200,0" yaku="1,1,54,1,53,1" doraHai="32" doraHaiUra="48" who="3" fromWho="0" sc="250,-52,250,0,240,0,240,72" /><INIT seed="1,0,0,3,1,74" ten="198,250,240,312" oya="1" hai0="47,87,0,83,34,99,16,63,76,108,73,22,71" hai1="45,130,29,132,96,14,113,114,84,91,49,25,51" hai2="97,37,104,38,122,82,58,110,5,10,89,23,56" hai3="120,115,36,67,65,70,32,90,127,4,69,44,98"/><U126/><E126/><V42/><F122/><W50/><G120/><T39/><D0/><U88/><E132/><V33/><F110/><W48/><G115/><T103/><D34/><U24/><E130/><V6/><F33/><W72/><G32/><T43/><D108/><U77/><E96/><V79/><F37/><W121/><G121/><T92/><D71/><U134/><E134/><V30/><F38/><W59/><G4/><T112/><D112/><U21/><E114/><V55/><F42/><N who="3" m="22599" /><G72/><T31/><D31/><U60/><E60/><V85/><F104/><W75/><G75/><T12/><REACH who="0" step="1"/><D63/><REACH who="0" ten="188,250,240,312" step="2"/><U78/><E113/><V41/><F41/><W135/><G135/><T1/><D1/><U57/><E25/><V64/><F30/><W8/><G127/><T81/><D81/><U133/><E133/><V131/><F131/><W107/><G69/><T101/><D101/><U118/><E118/><V111/><F111/><W46/><G70/><T62/><D62/><U116/><E116/><V27/><F64/><W66/><G67/><T80/><D80/><U19/><E57/><V102/><F56/><W93/><G66/><T100/><D100/><U18/><E29/><V128/><F58/><W109/><G65/><T117/><D117/><U28/><E28/><N who="2" m="17535" /><F128/><W123/><G123/><T124/><D124/><U11/><E45/><V54/><F5/><W53/><G109/><T129/><D129/><U119/><E119/><V26/><F6/><W17/><G8/><T94/><D94/><N who="1" m="54535" /><E91/><V7/><F7/><W13/><G90/><T125/><D125/><U2/><E2/><RYUUKYOKU ba="0,1" sc="188,15,250,15,240,-15,312,-15" hai0="12,16,22,39,43,47,73,76,83,87,92,99,103" hai1="11,14,18,19,21,24,49,51,77,78" /><INIT seed="1,1,1,1,1,30" ten="203,265,225,297" oya="1" hai0="41,115,62,77,20,45,88,4,17,3,7,21,130" hai1="38,120,127,13,57,5,119,14,47,22,60,33,132" hai2="116,87,104,84,12,37,121,113,68,25,82,92,73" hai3="39,129,102,63,94,2,133,0,114,83,124,58,32"/><U23/><E120/><V134/><F116/><W67/><G114/><T29/><D62/><U126/><E119/><V43/><F121/><W61/><G124/><N who="1" m="47658" /><E132/><V24/><F134/><W118/><G118/><T98/><D77/><U40/><E5/><V71/><F104/><W79/><G133/><T101/><D115/><U52/><E33/><V100/><F113/><W112/><G112/><T85/><D29/><U97/><E97/><V108/><F108/><W117/><G117/><T74/><D74/><U50/><E38/><V49/><F37/><W70/><G129/><T65/><D130/><U105/><E105/><V80/><F73/><W78/><G39/><T16/><D3/><U8/><E8/><V10/><F68/><W53/><G32/><T28/><D28/><U59/><E59/><V107/><F107/><W91/><G102/><T56/><D56/><U64/><E40/><V11/><F71/><W31/><G31/><T6/><D65/><U135/><E135/><V96/><F49/><W125/><G125/><T128/><D128/><U99/><E99/><V89/><F43/><W44/><G44/><T9/><D9/><N who="2" m="3082" /><F12/><AGARI ba="1,1" hai="12,13,14,22,23,47,50,52,57,60,64" m="47658" machi="12" ten="30,2900,0" yaku="18,1,54,1" doraHai="30" who="1" fromWho="2" sc="203,0,265,42,225,-32,297,0" /><INIT seed="1,2,0,0,4,62" ten="203,307,193,297" oya="1" hai0="33,120,97,57,36,43,123,81,47,30,3,105,50" hai1="35,92,88,119,130,67,32,116,13,75,4,104,77" hai2="23,17,115,38,65,113,69,56,29,87,78,133,117" hai3="72,106,134,48,103,44,19,91,118,15,21,84,89"/><U99/><E104/><V60/><F69/><W7/><G134/><T9/><D81/><U66/><E130/><V112/><F38/><W14/><G118/><T45/><D57/><U52/><E35/><V63/><F117/><W51/><G72/><T28/><D105/><U73/><E32/><V40/><F133/><W59/><G106/><T5/><D97/><U126/><E119/><V90/><F78/><W37/><G37/><T61/><D61/><U82/><E116/><V83/><F63/><W27/><G103/><T80/><D80/><U6/><E126/><V8/><F40/><W42/><G59/><T135/><D135/><U2/><E2/><V76/><F76/><W86/><G7/><T94/><D94/><U64/><E75/><V101/><F101/><W107/><G107/><T131/><D131/><U121/><E121/><N who="0" m="46665" /><D33/><U26/><E26/><V93/><F93/><W132/><G132/><T12/><D3/><U68/><E68/><V122/><F122/><W20/><G42/><AGARI ba="2,0" hai="5,9,12,28,30,36,42,43,45,47,50" m="46665" machi="42" ten="30,1000,0" yaku="13,1" doraHai="62" who="0" fromWho="3" sc="203,16,307,0,193,0,297,-16" /><INIT seed="2,0,0,1,4,70" ten="219,307,193,281" oya="2" hai0="14,127,124,128,77,31,33,10,92,52,0,112,72" hai1="49,83,96,56,95,91,66,88,120,54,30,105,42" hai2="103,79,74,24,47,62,102,17,9,45,34,32,84" hai3="61,121,134,131,5,109,15,71,73,46,38,39,90"/><V115/><F115/><W1/><G121/><T58/><D112/><U99/><E120/><V114/><F114/><W118/><G118/><T57/><D92/><U41/><E30/><V43/><F74/><W87/><G109/><T7/><D128/><U110/><E110/><V68/><F68/><W104/><G131/><T55/><D14/><U6/><E6/><V126/><F126/><N who="0" m="48170" /><D77/><U67/><E105/><V93/><F62/><W48/><G134/><T22/><D72/><U81/><E66/><V2/><F34/><W18/><G73/><T19/><D19/><U3/><E3/><V25/><F32/><W78/><G104/><T23/><D33/><U85/><E67/><V29/><F29/><W21/><G78/><T98/><D98/><U40/><REACH who="1" step="1"/><E81/><REACH who="1" ten="219,297,193,281" step="2"/><V11/><F2/><W80/><G71/><T133/><D31/><U26/><E26/><V28/><F24/><W82/><G61/><N who="0" m="36007" /><D133/><U122/><E122/><V60/><F25/><W63/><G63/><AGARI ba="0,1" hai="0,7,10,22,23,55,58,63" m="36007,48170" machi="63" ten="30,2000,0" yaku="18,1,54,1" doraHai="70" who="0" fromWho="3" sc="219,30,297,0,193,0,281,-20" /><INIT seed="3,0,0,1,1,81" ten="249,297,193,261" oya="3" hai0="42,59,123,96,67,122,60,44,8,63,92,39,26" hai1="113,62,27,21,89,29,40,13,31,79,109,106,23" hai2="55,58,7,127,64,57,6,68,128,93,98,80,3" hai3="134,10,53,46,1,5,120,48,117,49,71,135,126"/><W25/><G25/><T84/><D26/><U95/><E113/><V131/><F68/><W52/><G1/><T91/><D8/><U124/><E124/><V86/><F3/><W70/><G5/><T107/><REACH who="0" step="1"/><D63/><REACH who="0" ten="239,297,193,261" step="2"/><U125/><E125/><V65/><F127/><W133/><G10/><T101/><AGARI ba="0,1" hai="39,42,44,59,60,67,84,91,92,96,101,107,122,123" machi="101" ten="30,7900,0" yaku="1,1,2,1,0,1,52,1,53,0" doraHai="81" doraHaiUra="45" who="0" fromWho="0" sc="239,89,297,-20,193,-20,261,-39" /><INIT seed="4,0,0,4,5,98" ten="328,277,173,222" oya="0" hai0="24,130,41,74,76,67,81,96,35,27,19,32,129" hai1="50,102,115,60,25,44,37,5,56,51,26,16,61" hai2="69,68,119,126,13,53,125,47,79,135,3,108,95" hai3="33,7,40,18,4,90,122,11,77,83,123,92,39"/><T46/><D67/><U106/><E115/><V15/><F3/><W104/><G33/><N who="0" m="12875" /><D19/><U70/><E5/><V10/><F108/><W93/><G104/><T34/><N who="0" m="12883" /><T23/><DORA hai="30" /><D23/><U31/><E70/><N who="2" m="27243" /><F119/><W55/><G39/><N who="0" m="21823" /><D96/><U38/><E26/><V52/><F79/><W36/><G36/><T22/><D22/><U73/><E73/><V9/><F135/><W121/><G40/><T45/><D45/><U109/><E109/><V12/><F95/><N who="3" m="36427" /><G55/><N who="2" m="21065" /><F47/><W111/><G111/><T113/><D113/><U66/><E60/><V82/><F82/><W127/><G127/><AGARI ba="0,0" hai="9,10,12,13,15,125,126,127" m="21065,27243" machi="127" ten="40,8000,1" yaku="28,2,18,1,54,1" doraHai="98,30" who="2" fromWho="3" sc="328,0,277,0,173,80,222,-80" /><INIT seed="5,0,0,4,4,13" ten="328,277,253,142" oya="1" hai0="50,106,99,121,119,23,30,112,10,7,76,40,14" hai1="58,33,114,105,131,123,130,2,81,86,18,80,129" hai2="27,83,11,44,78,37,42,85,122,41,16,4,67" hai3="120,127,110,43,29,93,117,97,70,38,118,32,48"/><U126/><E2/><V47/><F122/><W20/><G70/><T88/><D50/><U46/><E33/><V116/><F116/><N who="3" m="44651" /><G120/><T39/><D121/><U6/><E123/><V19/><F67/><W74/><G74/><T59/><D59/><U57/><E6/><V15/><REACH who="2" step="1"/><F27/><REACH who="2" ten="328,277,243,142" step="2"/><N who="3" m="16615" /><G32/><T92/><D40/><U96/><E126/><V35/><F35/><W5/><G5/><T65/><D65/><U17/><E114/><V101/><F101/><N who="3" m="60591" /><G127/><T103/><D119/><U108/><E108/><V102/><F102/><W56/><G110/><T95/><D112/><U73/><E129/><V62/><F62/><W128/><G128/><T52/><D39/><AGARI ba="0,1" hai="4,11,15,16,19,37,39,41,42,44,47,78,83,85" machi="39" ten="30,12000,2" yaku="1,1,7,1,9,1,52,2,54,1,53,0" doraHai="13" doraHaiUra="24" who="2" fromWho="0" sc="328,-120,277,0,243,130,142,0" /><INIT seed="6,0,0,2,2,79" ten="208,277,373,142" oya="2" hai0="131,36,91,84,19,76,22,27,110,40,86,130,116" hai1="60,9,119,20,16,39,17,123,89,52,18,33,59" hai2="120,35,55,99,53,74,94,115,121,106,30,12,111" hai3="125,112,103,101,42,44,102,15,62,104,78,3,87"/><V75/><F120/><W109/><G109/><T68/><D68/><U117/><E123/><V0/><F121/><W98/><G125/><T41/><D76/><U13/><E33/><V38/><F38/><W135/><G135/><T25/><D116/><U6/><E39/><V4/><F0/><W23/><G112/><T118/><D118/><U82/><REACH who="1" step="1"/><E20/><REACH who="1" ten="208,267,373,142" step="2"/><V28/><F111/><W65/><G3/><T128/><D110/><U66/><E66/><V51/><F115/><W5/><G5/><T127/><D36/><U85/><AGARI ba="0,1" hai="6,9,13,16,17,18,52,59,60,82,85,89,117,119" machi="85" ten="30,12000,2" yaku="1,1,0,1,52,1,54,2,53,1" doraHai="79" doraHaiUra="11" who="1" fromWho="1" sc="208,-30,267,130,373,-60,142,-30" /><INIT seed="7,0,0,4,1,130" ten="178,397,313,112" oya="3" hai0="36,39,131,100,66,122,26,25,106,99,60,111,19" hai1="35,57,126,30,74,121,132,5,92,82,109,97,86" hai2="83,61,52,134,76,104,45,72,68,101,10,98,49" hai3="34,78,128,110,59,13,81,27,9,117,94,75,113"/><W2/><G117/><T48/><D19/><U42/><E121/><V55/><F134/><W24/><G113/><T88/><D48/><U58/><E109/><V93/><F10/><W46/><G128/><T77/><D122/><U107/><E126/><V118/><F118/><W51/><G110/><T37/><D111/><U125/><E125/><V103/><F103/><W53/><G94/><T7/><D7/><U114/><E114/><V41/><F104/><W124/><G124/><T116/><D116/><U127/><E127/><V90/><F101/><W22/><G2/><T123/><D123/><U54/><E74/><V32/><F32/><W80/><G34/><T63/><D77/><U71/><E71/><V105/><F105/><W133/><G133/><T115/><D131/><U84/><E35/><V69/><F69/><W73/><G73/><T65/><D115/><U14/><E107/><V15/><F15/><W28/><G27/><T120/><D120/><U3/><E3/><V12/><F12/><W85/><G75/><T17/><D88/><U119/><E30/><V18/><F18/><W79/><G81/><T40/><D40/><U0/><E0/><V135/><F135/><W62/><G80/><T47/><D47/><U129/><E129/><V21/><F21/><W108/><G108/><T64/><REACH who="0" step="1"/><D17/><REACH who="0" ten="168,397,313,112" step="2"/><U102/><E119/><V6/><F6/><N who="3" m="3255" /><G85/><T70/><D70/><U20/><E132/><V67/><AGARI ba="0,1" hai="41,45,49,52,55,61,67,68,72,76,83,90,93,98" machi="67" ten="30,2000,0" yaku="0,1,54,1" doraHai="130" who="2" fromWho="2" sc="168,-5,397,-5,313,30,112,-10" owari="163,-24,392,50,343,14,102,-40" /></mjloggm>