<mjloggm ver="2.3"><GO type="65" lobby="0"/><UN n0="%4E%6F%4E%61%6D%65" n1="%E2%80%90%E6%AC%A3%E6%B4%B2%E2%80%90" n2="%E6%B5%81%E6%B5%AA%E3%81%AE%E8%8D%98%E4%BA%BA" n3="%E7%95%99%E8%90%8C" dan="0,3,11,10" rate="1500.00,1447.19,1651.62,1532.32" sx="M,M,M,F"/><TAIKYOKU oya="0"/><INIT seed="0,0,0,5,3,118" ten="250,250,250,250" oya="0" hai0="40,6,111,32,71,94,134,78,89,30,95,81,42" hai1="31,120,86,105,82,127,55,66,34,56,90,51,36" hai2="79,39,76,96,61,108,41,80,83,47,87,92,15" hai3="67,19,64,53,7,93,98,100,106,121,21,75,23"/><T59/><D71/><U37/><E34/><V50/><F108/><W54/><G75/><T22/><D111/><U43/><E105/><V130/><F130/><W38/><G38/><T74/><D32/><U133/><E31/><V116/><F116/><W25/><G7/><T123/><D134/><U115/><E115/><V46/><F61/><W102/><G121/><T24/><D6/><U110/><E110/><V2/><F2/><W52/><REACH who="3" step="1"/><G23/><REACH who="3" ten="250,250,250,240" step="2"/><T135/><D123/><U60/><E120/><V1/><F1/><W26/><G26/><T107/><D135/><U128/><E133/><V18/><F39/><W0/><G0/><T9/><D107/><U126/><E36/><V85/><F15/><W124/><G124/><T10/><D9/><U104/><E104/><V62/><F18/><W70/><G70/><T57/><D10/><U27/><E126/><V28/><F28/><W49/><G49/><T72/><D74/><U114/><E114/><V73/><F73/><W132/><G132/><T48/><D48/><U117/><E127/><V129/><F129/><W88/><G88/><T45/><D89/><U20/><E128/><V69/><F69/><W84/><G84/><T68/><D68/><U17/><E117/><V35/><F35/><W103/><G103/><T131/><D131/><U122/><E122/><V97/><F62/><W29/><G29/><T13/><D13/><U125/><E125/><V91/><F97/><AGARI ba="0,1" hai="19,21,25,52,53,54,64,67,93,97,98,100,102,106" machi="97" ten="40,2600,0" yaku="1,1,54,1,53,0" doraHai="118" doraHaiUra="44" who="3" fromWho="2" sc="250,0,250,0,250,-26,240,36" /><INIT seed="1,0,0,0,2,35" ten="250,250,224,276" oya="1" hai0="116,36,33,1,135,37,79,76,24,131,104,75,91" hai1="134,53,52,29,58,121,109,3,90,67,18,55,23" hai2="51,54,133,68,98,50,110,32,49,64,62,92,69" hai3="95,20,48,74,101,63,93,106,4,5,30,61,108"/><U130/><E121/><V125/><F32/><W46/><G74/><T34/><D116/><U120/><E120/><V71/><F125/><W86/><G108/><T72/><D104/><U57/><E29/><V56/><F110/><W15/><G106/><T17/><D131/><U10/><E134/><V85/><F85/><W119/><G119/><T9/><D17/><U89/><E130/><V77/><F77/><W123/><G123/><T112/><D112/><U8/><E3/><V22/><F133/><W28/><G101/><T40/><D91/><N who="1" m="34827" /><E67/><V60/><F22/><W113/><G113/><T16/><D16/><U44/><E44/><V11/><F11/><N who="1" m="4137" /><E109/><V132/><F132/><W105/><G105/><T102/><D102/><U84/><E84/><V111/><F111/><W128/><G128/><T38/><D79/><U7/><E7/><V0/><F0/><W65/><G86/><T88/><D88/><U25/><AGARI ba="0,0" hai="18,23,25,52,53,55,57,58" m="4137,34827" machi="25" ten="30,3000,0" yaku="8,1,54,1" doraHai="35" who="1" fromWho="1" sc="250,-10,250,30,224,-10,276,-10" /><INIT seed="1,1,0,0,0,105" ten="240,280,214,266" oya="1" hai0="52,29,40,133,111,75,31,91,134,80,43,129,28" hai1="36,23,30,73,77,131,5,78,15,124,26,70,132" hai2="68,11,7,51,10,135,38,113,2,50,44,25,67" hai3="12,56,20,64,35,121,97,49,22,3,63,106,84"/><U4/><E70/><V115/><F38/><W92/><G121/><T79/><D111/><U95/><E36/><V47/><F135/><N who="0" m="51722" /><D129/><U93/><E132/><V127/><F127/><W71/><G106/><T39/><D39/><U101/><E131/><V86/><F11/><W6/><G35/><T112/><D112/><N who="2" m="43082" /><F86/><W55/><G3/><T119/><D119/><U57/><E124/><V120/><F120/><W98/><G84/><T69/><D69/><U122/><E122/><V83/><F83/><W99/><REACH who="3" step="1"/><G92/><REACH who="3" ten="240,280,214,256" step="2"/><N who="1" m="35402" /><E73/><V125/><F125/><W102/><G102/><T45/><D91/><U87/><E101/><V46/><F25/><W61/><G61/><AGARI ba="1,1" hai="2,7,10,44,46,47,50,51,61,67,68" m="43082" machi="61" ten="30,1000,0" yaku="11,1" doraHai="105" who="2" fromWho="3" sc="240,0,280,0,214,23,256,-13" /><INIT seed="2,0,0,3,4,116" ten="240,280,237,243" oya="2" hai0="90,69,46,63,27,38,71,70,25,127,92,75,30" hai1="128,20,84,11,113,129,22,98,61,6,102,82,57" hai2="105,83,131,104,85,118,50,130,48,3,103,97,53" hai3="73,21,125,44,120,13,72,9,65,39,114,77,81"/><V15/><F118/><W16/><G120/><T28/><D75/><U94/><E113/><V91/><F3/><W112/><G125/><T8/><D127/><U14/><E129/><V7/><F105/><W67/><G39/><T35/><D8/><U119/><E119/><V126/><F126/><W49/><G73/><T45/><D63/><U58/><E58/><V100/><F100/><W78/><G78/><T64/><D64/><U34/><E34/><V86/><F7/><W123/><G123/><T101/><D101/><U31/><E31/><V80/><F15/><W68/><G68/><T52/><D38/><U29/><E128/><V42/><F42/><N who="3" m="24727" /><G21/><T133/><D133/><U135/><E135/><V24/><F24/><W12/><G12/><T23/><D46/><U99/><E98/><V106/><F106/><W62/><G62/><T18/><D30/><U96/><E99/><V26/><F26/><W109/><G109/><T43/><D43/><U124/><E124/><V117/><F117/><W37/><G37/><T88/><REACH who="0" step="1"/><D92/><REACH who="0" ten="230,280,237,243" step="2"/><U54/><REACH who="1" step="1"/><E29/><REACH who="1" ten="230,270,237,243" step="2"/><V55/><F131/><W1/><G1/><T111/><D111/><U41/><E41/><V2/><F2/><W95/><G95/><T5/><D5/><U0/><E0/><V122/><F122/><W79/><G79/><AGARI ba="0,2" hai="6,11,14,20,22,54,57,61,79,82,84,94,96,102" machi="79" ten="30,7700,0" yaku="1,1,7,1,8,1,53,1" doraHai="116" doraHaiUra="51" who="1" fromWho="3" sc="230,0,270,97,237,0,243,-77" /><INIT seed="3,0,0,1,3,17" ten="230,367,237,166" oya="3" hai0="62,1,107,36,74,50,75,104,126,16,109,84,103" hai1="27,12,22,100,48,8,4,53,81,23,25,130,118" hai2="11,83,52,55,47,94,6,111,51,57,43,3,37" hai3="128,93,29,105,106,96,5,86,134,49,97,127,99"/><W79/><G127/><T44/><D36/><U32/><E32/><V123/><F123/><W98/><G128/><T56/><D1/><U38/><E38/><V39/><F111/><W95/><G134/><T72/><D109/><U78/><E130/><V110/><F110/><W114/><G114/><T13/><D126/><U91/><E118/><V87/><F94/><N who="3" m="35851" /><G29/><T31/><D84/><N who="1" m="50575" /><E78/><V135/><F135/><W15/><G49/><T41/><D103/><U54/><E100/><V125/><F125/><W116/><G5/><T101/><D101/><U46/><E54/><V7/><F7/><W113/><G15/><T108/><D108/><U45/><E46/><V120/><F120/><W60/><G60/><T115/><D31/><U89/><E89/><V67/><F67/><W124/><G124/><T80/><D80/><U10/><E8/><V66/><F66/><W132/><G132/><T129/><D129/><U70/><E70/><V59/><F39/><W0/><G0/><T117/><D115/><U77/><E77/><V71/><F71/><W19/><G19/><T14/><D14/><U63/><E63/><V122/><F122/><W133/><G133/><T131/><D117/><U42/><E42/><V73/><F73/><W21/><G21/><AGARI ba="0,0" hai="4,10,12,21,22,23,25,27,45,48,53" m="50575" machi="21" ten="30,7700,0" yaku="8,1,52,3" doraHai="17" who="1" fromWho="3" sc="230,0,367,77,237,0,166,-77" owari="230,-17,444,54,237,4,89,-41" /></mjloggm>