<mjloggm ver="2.3"><GO type="137" lobby="0"/><UN n0="%E7%95%99%E8%90%8C" n1="%74%68%6F%6D%61%73%31" n2="%66%6C%75%66%6C%75%38%33" n3="%E2%98%85%E3%81%8D%E3%82%85%E3%83%BC%E2%98%85" dan="10,11,11,11" rate="1497.81,1604.90,1544.07,1479.23" sx="F,M,M,M"/><TAIKYOKU oya="0"/><INIT seed="0,0,0,0,4,22" ten="250,250,250,250" oya="0" hai0="40,130,75,0,36,68,127,43,133,2,84,19,88" hai1="94,54,89,51,91,13,122,48,4,11,121,103,1" hai2="35,79,33,73,74,120,98,77,45,53,64,49,16" hai3="6,87,63,96,14,106,24,17,104,31,115,110,34"/><T97/><D68/><U47/><E122/><V95/><F120/><W38/><G38/><T81/><D75/><U60/><E1/><V126/><F126/><W25/><G110/><T117/><D127/><U107/><E107/><V93/><F64/><W72/><G72/><T39/><D117/><U56/><E121/><V70/><F70/><W100/><G115/><T46/><D133/><U3/><E3/><V26/><F35/><W8/><G63/><T80/><D130/><U15/><E103/><V41/><F73/><W10/><G87/><T114/><D114/><U113/><E113/><V27/><F74/><W105/><REACH who="3" step="1"/><G25/><REACH who="3" ten="250,250,250,240" step="2"/><N who="2" m="9225" /><F33/><W125/><G125/><T123/><D123/><U20/><E60/><V99/><F41/><W118/><G118/><T52/><D0/><AGARI ba="0,1" hai="0,6,8,10,14,17,24,31,34,96,100,104,105,106" machi="0" ten="30,3900,0" yaku="1,1,7,1,52,1,53,0" doraHai="22" doraHaiUra="109" who="3" fromWho="0" sc="250,-39,250,0,250,0,240,49" /><INIT seed="1,0,0,1,5,106" ten="211,250,250,289" oya="1" hai0="113,33,99,47,103,30,87,83,128,18,58,117,22" hai1="95,43,57,76,110,38,12,52,27,40,26,116,123" hai2="44,21,64,67,48,5,34,105,42,120,84,37,74" hai3="55,82,15,125,75,92,81,114,132,100,77,54,25"/><U8/><E123/><V104/><F120/><W89/><G114/><T101/><D117/><U96/><E116/><V112/><F34/><W91/><G125/><T88/><D113/><U109/><E38/><V45/><F112/><W118/><G118/><T102/><D128/><U80/><E43/><V131/><F131/><W19/><G132/><T51/><D33/><U24/><E40/><V1/><F74/><W60/><G82/><T13/><D30/><U17/><E96/><V16/><F1/><W11/><G100/><T61/><D99/><U2/><E2/><V111/><F111/><N who="1" m="42505" /><E95/><V127/><F127/><W69/><G69/><T4/><D4/><U130/><E27/><V129/><F5/><W94/><G60/><T98/><D98/><U41/><E41/><V72/><F72/><W9/><G9/><T71/><D71/><U121/><E121/><V3/><F3/><W133/><G133/><T14/><D14/><U79/><E79/><V56/><F84/><W29/><G91/><T50/><REACH who="0" step="1"/><D47/><REACH who="0" ten="201,250,250,289" step="2"/><U28/><E28/><V97/><F129/><W93/><REACH who="3" step="1"/><G89/><REACH who="3" ten="201,250,250,279" step="2"/><T78/><D78/><U126/><E126/><V119/><F119/><W107/><G107/><T39/><D39/><U86/><E130/><V85/><F105/><W65/><G65/><AGARI ba="0,2" hai="13,18,22,50,51,58,61,65,83,87,88,101,102,103" machi="65" ten="40,5200,0" yaku="1,1,8,1,54,1,53,0" doraHai="106" doraHaiUra="68" who="0" fromWho="3" sc="201,72,250,0,250,0,279,-52" /><INIT seed="2,0,0,0,2,94" ten="273,250,250,227" oya="2" hai0="26,130,91,41,78,38,88,93,110,105,49,115,85" hai1="79,73,74,34,48,7,6,129,3,76,123,127,46" hai2="84,72,75,89,55,67,33,125,15,124,4,56,44" hai3="43,10,9,86,112,97,109,40,65,104,11,69,103"/><V135/><F33/><W99/><G112/><T106/><D115/><U24/><E129/><V63/><F135/><W122/><G122/><T45/><D130/><U36/><E127/><N who="2" m="48715" /><F4/><W18/><G109/><T131/><D131/><U102/><E102/><V113/><F113/><W1/><G1/><T54/><D110/><U50/><E24/><V83/><F15/><W100/><G86/><T92/><D26/><U114/><E114/><V134/><F134/><W71/><G18/><T120/><D120/><U62/><E62/><V117/><F117/><W77/><G77/><T42/><D78/><U58/><E58/><V116/><F116/><W108/><G108/><T35/><D35/><U28/><E28/><V53/><F44/><W52/><G52/><AGARI ba="0,0" hai="52,53,55,56,63,67,72,75,83,84,89" m="48715" machi="52" ten="30,2900,0" yaku="18,1,54,1" doraHai="94" who="2" fromWho="3" sc="273,0,250,0,250,29,227,-29" /><INIT seed="2,1,0,2,5,5" ten="273,250,279,198" oya="2" hai0="57,104,11,133,77,50,14,100,13,135,52,47,109" hai1="96,53,106,68,134,93,116,131,66,71,112,118,25" hai2="125,110,81,36,65,33,54,39,91,55,37,76,45" hai3="17,95,101,115,130,69,49,2,75,121,10,44,62"/><V58/><F33/><W1/><G121/><T31/><D109/><U21/><E112/><V97/><F125/><W35/><G75/><T6/><D31/><U126/><E126/><V34/><F34/><W63/><G35/><T92/><D104/><U64/><E134/><N who="0" m="51209" /><D77/><U20/><E131/><V90/><F110/><W70/><G115/><T86/><D57/><U18/><E106/><V72/><F45/><W127/><G127/><T51/><D86/><U28/><E71/><V124/><F124/><W107/><G130/><T30/><D30/><U4/><E4/><V42/><F42/><W108/><G108/><T119/><D119/><U29/><E68/><V32/><F32/><W41/><G95/><T48/><D100/><U84/><E84/><V24/><F24/><W59/><G101/><T94/><D14/><U46/><E118/><V103/><F65/><W23/><G107/><T78/><D78/><U9/><E29/><V43/><F43/><W128/><G128/><T99/><D99/><U8/><E116/><V3/><F3/><W12/><G63/><T111/><D111/><U26/><E64/><V82/><F82/><W56/><G56/><T19/><D6/><U89/><E66/><V7/><F7/><W40/><G40/><T79/><D79/><U15/><E15/><V27/><F27/><W105/><G105/><T117/><D117/><U60/><E46/><V120/><F120/><W129/><G129/><T61/><D61/><U122/><E122/><V0/><F0/><W74/><G74/><T114/><D114/><U85/><E85/><V123/><F123/><RYUUKYOKU ba="1,0" sc="273,15,250,15,279,-15,198,-15" hai0="11,13,19,47,48,50,51,52,92,94" hai1="8,9,18,20,21,25,26,28,53,60,89,93,96" /><INIT seed="3,2,0,5,0,3" ten="288,265,264,183" oya="3" hai0="11,21,113,14,115,42,122,65,121,30,28,57,95" hai1="125,22,31,93,126,55,109,67,35,73,0,135,26" hai2="114,96,24,61,49,116,75,52,34,111,25,64,127" hai3="27,40,38,46,20,82,37,81,92,9,33,58,85"/><W132/><G132/><T117/><D42/><U84/><E67/><V6/><F75/><W2/><G33/><T134/><D65/><U4/><E73/><V107/><F116/><W69/><G69/><T86/><D57/><U119/><E109/><V102/><F114/><N who="0" m="43530" /><D86/><U44/><E119/><V83/><F111/><W124/><G124/><N who="1" m="47722" /><E135/><V29/><F127/><W105/><G105/><T97/><D117/><U98/><E84/><V54/><F83/><W71/><G71/><T72/><D134/><U94/><E98/><V66/><F25/><W79/><G58/><T133/><D133/><U108/><E44/><V87/><F87/><W8/><G2/><T62/><D62/><U103/><E103/><V5/><F54/><W32/><G32/><T60/><D60/><U17/><E55/><V56/><REACH who="2" step="1"/><F66/><REACH who="2" ten="288,265,254,183" step="2"/><W16/><G92/><T89/><D72/><U77/><E108/><V53/><F53/><W74/><REACH who="3" step="1"/><G37/><REACH who="3" ten="288,265,254,173" step="2"/><T88/><D122/><U36/><E36/><V128/><F128/><W12/><G12/><T123/><D121/><U50/><E94/><V90/><F90/><AGARI ba="2,2" hai="8,9,16,20,27,38,40,46,74,79,81,82,85,90" machi="90" ten="30,5800,0" yaku="1,1,7,1,54,1,53,0" doraHai="3" doraHaiUra="99" who="3" fromWho="2" sc="288,0,265,0,254,-64,173,84" /><INIT seed="3,3,0,4,4,108" ten="288,265,190,257" oya="3" hai0="13,120,52,21,70,129,131,123,46,28,93,48,115" hai1="113,34,81,114,33,130,101,86,134,68,53,31,50" hai2="64,117,9,91,62,19,82,35,94,10,89,92,66" hai3="55,67,118,83,111,127,36,119,133,2,104,110,25"/><W90/><G104/><T37/><D70/><U6/><E101/><V76/><F35/><W54/><G2/><T47/><D93/><U80/><E6/><V69/><F117/><N who="3" m="44555" /><G25/><T56/><D28/><U38/><E31/><V12/><F66/><W30/><G30/><T15/><D115/><U116/><E116/><V88/><REACH who="2" step="1"/><F10/><REACH who="2" ten="288,265,180,257" step="2"/><W44/><G90/><T100/><D100/><U79/><E68/><V45/><F45/><N who="0" m="16906" /><D37/><U41/><E38/><V49/><F49/><W74/><G74/><AGARI ba="3,1" hai="9,12,19,62,64,69,74,76,82,88,89,91,92,94" machi="74" ten="40,5200,0" yaku="1,1,54,1,53,1" doraHai="108" doraHaiUra="5" who="2" fromWho="3" sc="288,0,265,0,180,71,257,-61" /><INIT seed="4,0,0,5,5,11" ten="288,265,251,196" oya="0" hai0="91,54,26,109,90,129,62,27,10,75,58,133,71" hai1="124,40,53,86,5,95,41,37,82,59,65,96,6" hai2="116,12,131,17,7,21,79,130,107,63,55,68,99" hai3="123,28,70,42,50,51,38,15,4,104,132,46,29"/><T103/><D75/><U120/><E124/><V16/><F79/><W64/><G104/><T108/><D103/><U92/><E65/><V115/><F115/><W25/><G123/><T24/><D71/><U14/><E120/><V61/><F107/><W125/><G132/><T114/><D114/><U32/><E32/><V39/><F39/><W8/><G125/><T47/><D129/><N who="2" m="49162" /><F116/><W119/><G119/><T44/><D133/><U117/><E37/><V73/><F73/><W85/><G85/><T0/><D0/><U31/><E31/><V112/><F112/><W121/><G121/><T111/><REACH who="0" step="1"/><D10/><REACH who="0" ten="278,265,251,196" step="2"/><U126/><E126/><V43/><F68/><W60/><REACH who="3" step="1"/><G29/><REACH who="3" ten="278,265,251,186" step="2"/><T110/><N who="0" m="28160" /><DORA hai="19" /><T66/><D66/><U20/><E117/><V18/><F99/><W102/><G102/><T87/><D87/><U81/><E96/><V52/><F7/><W72/><G72/><T97/><D97/><U101/><E86/><V100/><F100/><W93/><G93/><T98/><D98/><U128/><E101/><V134/><F134/><W45/><G45/><AGARI ba="0,2" hai="24,26,27,44,45,47,54,58,62,90,91" m="28160" machi="45" ten="70,18000,2" yaku="1,1,10,1,53,4" doraHai="11,19" doraHaiUra="122,89" who="0" fromWho="3" sc="278,200,265,0,251,0,186,-180" /><INIT seed="4,1,0,4,2,90" ten="478,265,251,6" oya="0" hai0="72,57,115,109,12,76,52,4,31,32,47,121,79" hai1="95,105,108,122,77,63,66,124,44,0,114,87,3" hai2="39,116,15,117,13,100,33,55,98,84,104,18,34" hai3="106,134,14,128,82,123,119,58,132,88,111,94,126"/><T71/><D121/><U23/><E122/><V97/><F39/><W60/><G14/><T93/><D71/><U36/><E108/><V80/><F98/><W21/><G123/><T73/><D115/><U107/><E105/><V56/><F15/><W29/><G119/><T30/><D109/><U19/><E107/><V27/><F27/><W131/><G106/><T26/><D31/><U8/><E124/><V118/><F80/><W53/><G111/><T64/><D47/><U78/><E114/><V92/><F84/><W68/><G68/><T24/><D64/><U41/><E3/><V35/><F104/><W43/><G43/><T110/><D110/><U54/><E8/><V28/><F28/><W133/><G82/><T89/><D24/><U6/><E6/><V127/><F127/><W40/><G40/><T42/><D42/><U67/><E0/><V129/><F129/><N who="3" m="49739" /><G21/><T70/><D70/><U10/><E10/><V1/><F1/><W2/><G29/><T120/><D120/><U16/><E67/><V96/><F96/><N who="3" m="57415" /><G2/><T20/><D93/><U91/><E19/><V99/><F99/><W50/><G50/><T112/><D112/><U75/><E75/><V86/><F86/><W135/><G135/><T61/><D89/><U85/><E85/><V37/><F37/><W69/><G69/><T59/><D59/><U101/><E101/><V9/><F35/><W102/><G102/><T81/><D4/><U11/><E11/><V48/><AGARI ba="1,0" hai="9,13,18,33,34,48,55,56,92,97,100,116,117,118" machi="48" ten="30,4000,0" yaku="0,1,12,1,52,1" doraHai="90" who="2" fromWho="2" sc="478,-21,265,-11,251,43,6,-11" owari="457,57,254,-15,294,9,-5,-51" /></mjloggm>