<mjloggm ver="2.3"><GO type="9" lobby="0"/><UN n0="%73%6B%79%6D%66" n1="%6B%69%74%61%64%61" n2="%E7%95%99%E8%90%8C" n3="%E5%B0%8F%E6%B1%A0%E7%BE%8E%E6%B3%A2" dan="9,11,11,7" rate="1423.63,1641.58,1630.53,1535.05" sx="M,M,F,F"/><TAIKYOKU oya="0"/><INIT seed="0,0,0,3,4,126" ten="250,250,250,250" oya="0" hai0="85,88,74,48,125,37,95,89,0,22,36,118,93" hai1="60,54,28,52,35,109,65,50,53,26,101,46,73" hai2="49,115,18,129,99,5,56,34,72,21,91,58,59" hai3="70,87,12,76,42,6,68,106,78,123,113,14,3"/><T111/><D118/><U83/><E101/><V38/><F115/><W57/><G113/><T39/><D125/><U32/><E109/><V98/><F34/><W122/><G106/><T127/><D74/><U44/><E35/><V13/><F38/><W112/><G112/><T75/><D127/><U96/><E96/><V81/><F72/><W124/><G124/><T77/><D75/><U40/><E83/><V27/><F129/><W30/><G30/><T29/><D0/><U102/><E102/><V107/><F107/><W114/><G114/><T84/><D77/><U86/><E86/><N who="2" m="50639" /><F49/><W71/><G42/><T132/><D132/><U23/><E73/><V128/><F128/><W1/><G57/><T131/><D131/><U100/><E100/><V110/><F110/><W108/><G68/><T11/><D11/><AGARI ba="0,0" hai="5,11,13,18,21,27,56,58,59,98,99" m="50639" machi="11" ten="30,1000,0" yaku="8,1" doraHai="126" who="2" fromWho="0" sc="250,-10,250,0,250,10,250,0" /><INIT seed="1,0,0,0,3,19" ten="240,250,260,250" oya="1" hai0="82,50,77,13,131,48,62,92,128,63,49,25,121" hai1="54,111,20,99,93,7,0,109,17,72,73,44,102" hai2="78,6,64,113,85,39,35,8,4,45,18,59,24" hai3="43,101,91,70,68,120,46,33,31,83,130,58,2"/><U71/><E71/><V38/><F113/><W97/><G120/><T60/><D25/><U22/><E0/><V56/><F35/><W11/><G91/><T66/><D13/><U133/><E133/><V34/><F34/><W107/><G58/><T132/><D92/><U79/><E7/><V23/><F39/><W89/><G89/><T47/><D82/><U55/><E17/><V95/><F38/><W37/><G130/><N who="0" m="49707" /><D77/><U122/><E122/><V67/><F45/><W127/><G127/><T26/><D121/><U90/><E90/><N who="2" m="53711" /><F78/><W69/><G83/><T118/><D26/><U12/><E12/><N who="2" m="5127" /><F6/><W65/><G11/><T123/><D123/><U36/><E79/><V117/><F117/><W61/><G2/><T14/><D118/><U15/><E15/><V116/><F116/><W32/><G32/><T28/><D14/><U96/><E36/><V88/><F88/><W115/><REACH who="3" step="1"/><G115/><REACH who="3" ten="240,250,260,240" step="2"/><T126/><D28/><U134/><E134/><V80/><F80/><W129/><G129/><T86/><D132/><U51/><E55/><V112/><F112/><W29/><G29/><T124/><D86/><U105/><E73/><V40/><F40/><W3/><G3/><T76/><D76/><U53/><E72/><V103/><F103/><W74/><G74/><T52/><D66/><AGARI ba="0,1" hai="18,23,24,56,59,64,66,67" m="5127,53711" machi="66" ten="30,2000,0" yaku="8,1,52,1" doraHai="19" who="2" fromWho="0" sc="240,-20,250,0,260,30,240,0" /><INIT seed="2,0,0,2,1,8" ten="220,250,290,240" oya="2" hai0="37,39,11,28,86,44,47,29,9,82,60,6,53" hai1="88,79,30,49,51,73,80,100,67,43,118,3,87" hai2="125,10,40,113,23,19,42,7,109,26,41,68,85" hai3="59,24,114,46,130,104,57,132,5,48,20,129,77"/><V32/><F113/><W123/><G123/><T54/><D6/><U128/><E3/><V31/><F68/><W17/><G114/><T50/><D82/><U34/><E67/><V36/><F36/><W64/><G104/><T101/><D86/><U94/><E118/><V52/><F125/><W21/><G77/><T65/><D65/><U78/><E128/><N who="3" m="49258" /><G132/><T69/><D69/><U119/><E119/><V107/><F107/><W14/><G5/><T15/><D50/><U13/><E79/><V106/><F106/><W122/><G122/><T16/><D60/><U75/><E75/><V0/><F109/><W99/><G99/><T4/><D101/><U117/><E117/><V18/><F85/><W112/><G64/><T25/><D4/><U55/><E100/><V133/><F133/><W61/><G61/><T96/><D96/><U103/><E103/><V135/><F135/><W93/><G93/><T90/><D90/><U134/><E134/><V121/><F121/><W108/><G108/><T22/><D25/><U74/><E74/><V72/><F72/><W71/><G71/><T131/><D131/><U102/><E102/><V126/><F126/><W92/><G92/><T2/><D2/><U83/><E83/><V105/><F105/><W45/><G112/><T66/><D66/><U58/><E43/><V89/><F42/><N who="3" m="24631" /><G46/><T111/><D111/><U33/><E49/><V35/><F41/><W116/><G116/><T124/><D124/><U63/><E63/><V120/><F40/><W1/><G1/><T127/><D127/><U56/><E56/><V62/><F120/><RYUUKYOKU ba="0,0" sc="220,-10,250,-10,290,-10,240,30" hai3="14,17,20,21,24,57,59" /><INIT seed="3,1,0,1,4,2" ten="210,240,280,270" oya="3" hai0="110,55,67,90,117,107,7,47,4,82,129,119,118" hai1="106,98,73,28,79,75,21,102,103,49,46,39,13" hai2="80,53,52,19,87,24,59,89,126,56,113,132,94" hai3="69,96,3,88,99,62,93,12,133,114,23,91,134"/><W100/><G114/><T35/><D107/><U34/><E39/><V48/><F113/><W64/><G3/><T86/><D110/><U41/><E34/><V83/><F132/><N who="3" m="50795" /><G99/><T116/><D67/><U26/><E103/><V66/><F126/><W5/><G23/><T30/><N who="0" m="30208" /><DORA hai="42" /><T92/><D129/><U54/><E79/><V50/><F66/><W95/><G95/><T14/><D14/><U71/><E71/><V25/><F24/><W63/><G63/><T120/><D120/><U74/><REACH who="1" step="1"/><E13/><REACH who="1" ten="210,230,280,270" step="2"/><V122/><F122/><W0/><G0/><T37/><D37/><U51/><E51/><V76/><F76/><W125/><G125/><T17/><D82/><U121/><E121/><V6/><F6/><W9/><AGARI ba="1,1" hai="5,9,12,62,64,69,88,91,93,96,100" m="50795" machi="9" ten="30,6000,0" yaku="20,1,52,1,54,1" doraHai="2,42" who="3" fromWho="3" sc="210,-21,230,-21,280,-21,270,73" /><INIT seed="3,2,0,1,2,37" ten="189,209,259,343" oya="3" hai0="114,9,61,103,39,70,41,86,127,3,51,21,71" hai1="118,40,120,75,0,85,104,26,42,35,116,24,74" hai2="12,96,83,15,98,91,54,47,131,128,126,5,49" hai3="50,14,34,97,18,93,95,81,69,10,119,79,80"/><W63/><G119/><N who="1" m="45610" /><E104/><V117/><F117/><W132/><G34/><T92/><D3/><U43/><E0/><V124/><F5/><W112/><G112/><T134/><D114/><U2/><E2/><V64/><F64/><W46/><G69/><N who="0" m="26123" /><D9/><U122/><E35/><V133/><F83/><W77/><G63/><T28/><D103/><U56/><E85/><V72/><F72/><N who="1" m="27689" /><E56/><V60/><F60/><W99/><G132/><T19/><D92/><U29/><E29/><V76/><F76/><N who="3" m="29259" /><G95/><T107/><D107/><U100/><E100/><V23/><F91/><N who="3" m="55487" /><G99/><N who="2" m="37929" /><F23/><W73/><G73/><T66/><D86/><U52/><E52/><AGARI ba="2,0" hai="10,14,18,46,50,52,80,81" m="55487,29259" machi="52" ten="30,2900,0" yaku="8,1,54,1" doraHai="37" who="3" fromWho="1" sc="189,0,209,-35,259,0,343,35" /><INIT seed="3,3,0,0,3,66" ten="189,174,259,378" oya="3" hai0="123,98,6,34,87,132,42,69,111,26,36,105,10" hai1="108,45,51,37,89,90,31,38,47,97,33,83,62" hai2="29,14,12,102,18,99,122,79,133,53,128,78,55" hai3="91,1,56,3,13,57,134,114,131,68,11,50,72"/><W44/><G114/><T81/><D87/><U101/><E108/><V77/><F29/><W119/><G119/><T7/><D123/><U84/><E90/><V52/><F122/><W59/><G68/><T23/><D7/><U8/><E8/><V27/><F128/><W127/><G72/><T43/><D42/><U41/><E62/><V118/><F118/><W73/><G73/><T115/><D23/><U71/><E71/><V40/><F40/><W54/><G127/><T30/><D115/><U22/><E33/><V92/><F133/><W48/><G131/><T70/><D111/><U65/><E65/><V28/><F28/><W49/><G134/><T95/><D95/><U104/><REACH who="1" step="1"/><E47/><REACH who="1" ten="189,164,259,378" step="2"/><V9/><REACH who="2" step="1"/><F9/><REACH who="2" ten="189,164,249,378" step="2"/><W109/><G109/><T135/><D81/><U110/><E110/><V120/><F120/><W21/><G44/><N who="0" m="23655" /><D10/><U93/><E93/><V17/><F17/><W19/><G19/><T58/><D6/><U24/><AGARI ba="3,2" hai="22,24,31,37,38,41,45,51,83,84,89,97,101,104" machi="24" ten="30,2000,0" yaku="1,1,0,1,53,0" doraHai="66" doraHaiUra="113" who="1" fromWho="1" sc="189,-8,164,49,249,-8,378,-13" /><INIT seed="4,0,0,4,1,127" ten="181,213,241,365" oya="0" hai0="59,82,100,22,52,7,101,115,76,41,117,66,63" hai1="50,69,111,62,108,79,86,58,19,99,126,81,114" hai2="104,98,6,87,74,15,73,2,64,17,67,54,61" hai3="71,32,48,25,36,70,129,34,20,135,27,39,37"/><T88/><D117/><U18/><E69/><V43/><F43/><W26/><G48/><N who="0" m="31111" /><D115/><U1/><E1/><V83/><F104/><W14/><G135/><T35/><D35/><U121/><E121/><V92/><F2/><W133/><G133/><T132/><D132/><U9/><E126/><V53/><F6/><W85/><G85/><N who="0" m="50231" /><D76/><U125/><E125/><V77/><F67/><W40/><G129/><T10/><D41/><U49/><E114/><V113/><F113/><W124/><G124/><T57/><D22/><U16/><E99/><V120/><F120/><W55/><G55/><T72/><D72/><U96/><E96/><V13/><F73/><W105/><G105/><T109/><D109/><U44/><E9/><N who="2" m="6319" /><F74/><W21/><G14/><AGARI ba="0,0" hai="7,10,14,57,63,66,100,101" m="50231,31111" machi="14" ten="30,5800,0" yaku="8,1,54,2" doraHai="127" who="0" fromWho="3" sc="181,58,213,0,241,0,365,-58" /><INIT seed="4,1,0,5,3,48" ten="239,213,241,307" oya="0" hai0="97,125,82,117,72,10,119,80,0,50,111,124,41" hai1="110,100,8,121,86,71,134,64,59,92,5,31,35" hai2="39,37,108,95,15,28,94,69,1,107,53,70,131" hai3="76,61,63,109,23,9,65,19,75,120,83,102,40"/><T57/><D0/><U47/><E121/><V116/><F108/><W135/><G109/><T12/><D111/><U90/><E110/><V18/><F131/><W3/><G102/><T24/><D72/><U20/><E71/><V129/><F129/><W16/><G120/><T7/><D24/><U58/><E35/><V14/><F1/><W55/><G40/><T81/><D97/><U62/><E134/><V42/><F116/><N who="0" m="44618" /><D41/><U77/><E77/><V96/><F107/><W106/><G106/><T114/><D114/><U32/><E32/><V52/><F28/><W112/><G135/><T122/><D122/><U38/><E100/><V44/><F39/><W27/><G19/><T36/><D36/><U118/><E118/><V6/><F6/><W128/><G128/><T22/><D22/><U46/><E59/><V4/><F4/><W25/><G25/><T56/><D50/><U126/><E126/><AGARI ba="1,0" hai="7,10,12,56,57,80,81,82,124,125,126" m="44618" machi="126" ten="40,2000,0" yaku="18,1" doraHai="48" who="0" fromWho="1" sc="239,23,213,-23,241,0,307,0" /><INIT seed="4,2,0,4,4,97" ten="262,190,241,307" oya="0" hai0="47,70,19,29,135,101,111,124,17,14,57,87,1" hai1="50,72,49,65,109,24,54,66,81,74,133,91,23" hai2="67,102,64,85,83,59,117,118,92,37,15,69,2" hai3="123,95,103,114,121,120,61,58,80,98,132,46,78"/><T22/><D70/><U73/><E109/><V30/><F37/><W93/><G114/><T63/><D111/><U75/><E133/><V107/><F2/><W12/><G132/><T3/><D47/><U129/><E129/><V45/><F107/><W105/><G46/><T122/><D135/><U79/><E91/><V11/><F30/><W86/><REACH who="3" step="1"/><G12/><REACH who="3" ten="262,190,241,297" step="2"/><N who="0" m="9511" /><D122/><U28/><REACH who="1" step="1"/><E50/><REACH who="1" ten="262,180,241,297" step="2"/><V108/><F118/><W82/><G82/><T44/><D63/><U77/><E77/><V115/><F117/><W134/><G134/><T48/><D44/><AGARI ba="2,2" hai="23,24,28,44,49,54,65,66,72,73,74,75,79,81" machi="44" ten="40,1300,0" yaku="1,1,53,0" doraHai="97" doraHaiUra="90" who="1" fromWho="0" sc="262,-19,180,39,241,0,297,0" /><INIT seed="5,0,0,0,3,62" ten="243,219,241,297" oya="1" hai0="93,79,131,3,95,70,94,88,85,0,117,134,69" hai1="38,66,22,77,48,98,83,56,5,107,112,13,123" hai2="92,115,24,49,84,87,96,45,72,90,108,121,100" hai3="15,101,59,35,2,81,61,19,31,68,27,9,103"/><U57/><E123/><V80/><F108/><W126/><G68/><N who="0" m="26219" /><D117/><U54/><E38/><V29/><F121/><W67/><G126/><T20/><D79/><U127/><E127/><V63/><F115/><W33/><G33/><T76/><D76/><U6/><E112/><V52/><F63/><W113/><G113/><T109/><D109/><U4/><E107/><V102/><F72/><W135/><G135/><T40/><D134/><U99/><E77/><V104/><F104/><W50/><G81/><T60/><D131/><U132/><E83/><V36/><F36/><W64/><G50/><T55/><D60/><N who="1" m="38151" /><E132/><V65/><F65/><W97/><G101/><N who="2" m="39017" /><F80/><W71/><G71/><T111/><D111/><U21/><E13/><V14/><F14/><W11/><G11/><T8/><D8/><U58/><E58/><V89/><F89/><W12/><G12/><T47/><D20/><AGARI ba="0,0" hai="4,5,6,20,21,22,48,54,57,98,99" m="38151" machi="20" ten="30,2900,0" yaku="8,1,52,1" doraHai="62" who="1" fromWho="0" sc="243,-29,219,29,241,0,297,0" /><AGARI ba="0,0" hai="20,24,29,45,49,52,84,87,90,92,96" m="39017" machi="20" ten="30,2000,0" yaku="8,1,54,1" doraHai="62" who="2" fromWho="0" sc="214,-20,248,0,241,20,297,0" /><INIT seed="5,1,0,0,2,89" ten="194,248,261,297" oya="1" hai0="78,82,72,7,61,26,44,60,65,37,57,35,2" hai1="51,3,70,74,103,76,126,24,12,99,25,80,63" hai2="98,18,38,108,50,112,71,34,46,47,31,107,120" hai3="104,132,90,97,106,130,6,100,123,125,9,40,41"/><U55/><E3/><V124/><F120/><W21/><G123/><T131/><D131/><U128/><E128/><V84/><F108/><W52/><G130/><T45/><D57/><U67/><E126/><V39/><F71/><W91/><G125/><T64/><D45/><U96/><E12/><V33/><F124/><W87/><G106/><T54/><D54/><U8/><E99/><V75/><F75/><W4/><G21/><T1/><D7/><U42/><E42/><V68/><F68/><W115/><G115/><T83/><D83/><U43/><E43/><V116/><F116/><W73/><G73/><T20/><D35/><U92/><REACH who="1" step="1"/><E8/><REACH who="1" ten="194,238,261,297" step="2"/><V69/><F38/><W29/><G6/><T14/><D14/><U23/><E23/><V111/><F39/><W94/><G9/><T77/><D37/><U58/><AGARI ba="1,1" hai="24,25,51,55,58,63,67,70,74,76,80,92,96,103" machi="58" ten="20,12000,1" yaku="1,1,0,1,7,1,52,1,53,1" doraHai="89" doraHaiUra="88" who="1" fromWho="1" sc="194,-41,238,133,261,-41,297,-41" /><INIT seed="5,2,0,2,3,70" ten="153,371,220,256" oya="1" hai0="53,74,9,42,133,26,68,45,43,17,118,18,20" hai1="114,131,7,46,105,51,54,31,121,112,61,41,22" hai2="27,16,57,124,122,14,23,4,44,13,78,135,93" hai3="116,109,5,99,56,29,19,81,96,98,40,33,62"/><U101/><E121/><V15/><F122/><W91/><G109/><T87/><D74/><U85/><E131/><V89/><F135/><W134/><G5/><T119/><D133/><U115/><E7/><V108/><F108/><W113/><G134/><T8/><D87/><U117/><E117/><N who="0" m="44553" /><D68/><U72/><E72/><V67/><F124/><W6/><G6/><T102/><D45/><U64/><E85/><N who="2" m="52399" /><F78/><W65/><G113/><T110/><D102/><U10/><E10/><N who="0" m="4201" /><D53/><U90/><E90/><V132/><F132/><W60/><G91/><T125/><D43/><U103/><E105/><V47/><F4/><W79/><G40/><T104/><D42/><U128/><E128/><V129/><F129/><W83/><G116/><T34/><D104/><U55/><E101/><V50/><F67/><W28/><G79/><T130/><D125/><U32/><E103/><V69/><F69/><W35/><G62/><T76/><D130/><U77/><E77/><V39/><F39/><W12/><G83/><T38/><D76/><U36/><E32/><V97/><F97/><W84/><G35/><T0/><D38/><U123/><E123/><V80/><F80/><W3/><G33/><T94/><D94/><U52/><E51/><V120/><F120/><W88/><REACH who="3" step="1"/><G3/><REACH who="3" ten="153,371,220,246" step="2"/><T59/><D110/><U2/><E2/><V49/><F57/><W11/><AGARI ba="2,1" hai="11,12,19,28,29,56,60,65,81,84,88,96,98,99" machi="11" ten="30,8000,1" yaku="1,1,2,1,0,1,8,1,54,1,53,0" doraHai="70" doraHaiUra="126" who="3" fromWho="3" sc="153,-22,371,-42,220,-22,246,96" /><INIT seed="6,0,0,0,3,93" ten="131,329,198,342" oya="2" hai0="101,47,110,56,29,76,119,116,80,27,91,31,22" hai1="4,33,5,72,114,32,0,44,62,78,61,37,107" hai2="67,118,68,71,87,7,34,112,123,73,60,75,115" hai3="10,23,79,124,120,53,133,109,55,108,36,51,57"/><V1/><F123/><W132/><G120/><T82/><D110/><N who="3" m="42601" /><G79/><T25/><D76/><U117/><E107/><V85/><F118/><W43/><G10/><T28/><D28/><U64/><E117/><V122/><F122/><W74/><G23/><T81/><D47/><U20/><E78/><V129/><F34/><N who="1" m="13417" /><E72/><V69/><F129/><W130/><G74/><T103/><D56/><U102/><E20/><V45/><F75/><W121/><G121/><T46/><D46/><U70/><E62/><V111/><F73/><W83/><G83/><T58/><D58/><U26/><E26/><V16/><F111/><W6/><G6/><T100/><REACH who="0" step="1"/><D91/><REACH who="0" ten="121,329,198,342" step="2"/><U17/><E44/><V59/><F45/><N who="3" m="23783" /><G57/><T3/><D3/><U13/><E4/><V35/><F35/><AGARI ba="0,1" hai="22,25,27,29,31,35,80,81,82,100,101,103,116,119" machi="35" ten="40,1300,0" yaku="1,1,53,0" doraHai="93" doraHaiUra="41" who="0" fromWho="2" sc="121,23,329,0,198,-13,342,0" /><INIT seed="7,0,0,4,0,117" ten="144,329,185,342" oya="3" hai0="27,58,10,46,22,34,28,76,45,98,133,99,57" hai1="62,47,4,115,29,89,72,79,111,130,14,33,64" hai2="6,68,82,5,2,132,63,134,60,70,19,16,105" hai3="42,67,122,50,66,80,51,97,71,120,32,78,61"/><W13/><G32/><T12/><D133/><N who="2" m="51306" /><F105/><W104/><G67/><T54/><D76/><U49/><E111/><V65/><F82/><W131/><G13/><T3/><D58/><U84/><E115/><V52/><F2/><W36/><G36/><T125/><D125/><U92/><E130/><V91/><F91/><W108/><G108/><T8/><D46/><U81/><E33/><V21/><F5/><W25/><G25/><T103/><D45/><U31/><E4/><V110/><F110/><W77/><G131/><T90/><D90/><U119/><E119/><V74/><F74/><W129/><G129/><T101/><D10/><U123/><E123/><V35/><F35/><W11/><G11/><T7/><D99/><U15/><E31/><V39/><F39/><W9/><G9/><T53/><D53/><U116/><E116/><V126/><F126/><W18/><G18/><N who="2" m="6697" /><F21/><W102/><G78/><T73/><D73/><U41/><REACH who="1" step="1"/><E29/><REACH who="1" ten="144,319,185,342" step="2"/><V87/><F6/><W109/><G109/><T113/><D113/><U96/><E96/><V30/><F30/><W48/><REACH who="3" step="1"/><G42/><REACH who="3" ten="144,319,185,332" step="2"/><T121/><D121/><U55/><E55/><V44/><F70/><AGARI ba="0,2" hai="14,15,41,47,49,62,64,70,72,79,81,84,89,92" machi="70" ten="30,2000,0" yaku="1,1,7,1,53,0" doraHai="117" doraHaiUra="94" who="1" fromWho="2" sc="144,0,319,40,185,-20,332,0" owari="144,-36,359,46,165,-23,332,13" /></mjloggm>