<mjloggm ver="2.3"><GO type="137" lobby="0"/><UN n0="%55%4E%4B%6E%4F%77%6E" n1="%3E%2E%4D%65%6E%74%61%69" n2="%E7%95%99%E8%90%8C" n3="%61%6E%67%65%6C%70%69%65" dan="13,13,11,12" rate="1802.15,1768.65,1575.08,1655.98" sx="F,M,F,M"/><TAIKYOKU oya="0"/><INIT seed="0,0,0,5,4,89" ten="250,250,250,250" oya="0" hai0="134,3,62,124,73,76,132,15,79,17,42,25,92" hai1="74,51,108,22,118,120,105,8,87,13,85,130,35" hai2="78,10,104,86,64,112,46,102,38,131,66,126,0" hai3="125,2,106,50,75,101,54,16,127,39,107,44,68"/><T19/><D3/><U128/><E120/><V70/><F112/><W97/><G2/><T72/><D42/><U18/><E35/><V30/><F131/><W82/><G68/><T31/><D62/><U100/><E74/><V61/><F126/><N who="3" m="48139" /><G39/><T49/><D49/><U80/><E118/><V37/><F66/><W121/><G121/><T34/><D124/><U27/><E108/><V67/><F67/><W56/><G75/><N who="0" m="28747" /><D19/><U83/><E51/><V129/><F129/><W36/><G36/><T91/><D17/><U84/><E128/><V117/><F117/><W32/><G32/><T109/><D15/><U53/><E53/><V90/><F78/><W99/><G99/><N who="0" m="57759" /><D109/><U119/><E119/><V21/><F0/><W43/><G82/><T116/><D116/><U81/><E130/><V135/><F135/><AGARI ba="0,0" hai="25,31,34,76,79,132,134,135" m="57759,28747" machi="135" ten="30,2900,0" yaku="20,1,52,1" doraHai="89" who="0" fromWho="2" sc="250,29,250,0,250,-29,250,0" /><INIT seed="0,1,0,2,1,130" ten="279,250,221,250" oya="0" hai0="72,73,133,49,123,95,40,79,84,32,8,1,25" hai1="83,26,106,12,97,91,28,11,113,107,135,5,90" hai2="119,82,87,17,35,44,29,48,61,99,70,13,59" hai3="46,101,37,16,115,92,100,33,24,104,52,129,65"/><T93/><D123/><U124/><E124/><V41/><F119/><W54/><G37/><T110/><D72/><U116/><E116/><V98/><F70/><W60/><G46/><T7/><D73/><U89/><E113/><V38/><F38/><W81/><G81/><T86/><D110/><U15/><E135/><V132/><F132/><W71/><G129/><T58/><D133/><U80/><E12/><V76/><F35/><W77/><G77/><T117/><D117/><U64/><E64/><N who="2" m="38975" /><F29/><W51/><G51/><T108/><D108/><U56/><E56/><V34/><F34/><W50/><G50/><T10/><D10/><AGARI ba="1,0" hai="10,13,17,41,44,48,76,82,87,98,99" m="38975" machi="10" ten="30,1000,0" yaku="8,1" doraHai="130" who="2" fromWho="0" sc="279,-13,250,0,221,13,250,0" /><INIT seed="1,0,0,2,5,60" ten="266,250,234,250" oya="1" hai0="118,16,126,55,117,22,62,65,5,87,20,45,135" hai1="71,75,37,123,133,84,52,99,96,129,91,54,112" hai2="111,76,18,21,61,24,32,90,85,46,114,125,12" hai3="66,59,122,64,82,11,38,13,48,113,2,95,42"/><U120/><E37/><V58/><F76/><W80/><G2/><T109/><D5/><U53/><E75/><V93/><F111/><W83/><G38/><T63/><D109/><U17/><E71/><V78/><F125/><W36/><G36/><T98/><D126/><U127/><E127/><V74/><F114/><W86/><G122/><T26/><D98/><U110/><E110/><V33/><F46/><N who="3" m="25687" /><G59/><T88/><D135/><U50/><E133/><V23/><F74/><W106/><G106/><T131/><D131/><U56/><E112/><V77/><F78/><W79/><G113/><T19/><D63/><U130/><E17/><V35/><F77/><W102/><G102/><T97/><D97/><N who="1" m="37451" /><E123/><V28/><REACH who="2" step="1"/><F35/><REACH who="2" ten="266,250,224,250" step="2"/><W7/><G95/><N who="0" m="54687" /><D118/><U124/><E124/><V44/><F44/><W89/><G89/><T34/><D34/><U3/><E120/><V1/><F1/><W49/><G49/><N who="0" m="29103" /><D117/><U57/><E3/><V101/><F101/><W119/><G119/><T103/><D103/><U104/><E104/><V30/><F30/><W67/><AGARI ba="0,1" hai="7,11,13,64,66,67,79,80,82,83,86" m="25687" machi="67" ten="30,8000,1" yaku="25,1,8,1,52,3" doraHai="60" who="3" fromWho="3" sc="266,-20,250,-40,224,-20,250,90" /><INIT seed="2,0,0,2,3,37" ten="246,210,204,340" oya="2" hai0="52,127,16,53,26,80,28,48,11,72,47,8,35" hai1="101,46,42,132,88,92,77,115,125,131,121,86,106" hai2="83,54,135,25,71,15,78,123,66,19,128,97,107" hai3="111,104,116,14,32,21,130,56,112,133,91,10,17"/><V4/><F123/><W29/><G104/><T34/><D127/><U119/><E125/><V49/><F107/><W12/><G56/><T0/><D34/><U50/><E121/><V5/><F128/><W95/><G111/><T75/><D8/><U74/><E131/><V109/><F135/><W103/><G133/><T108/><D108/><U2/><E132/><V118/><F118/><W134/><G134/><T89/><D75/><U87/><E2/><V9/><F109/><W124/><G103/><T99/><D72/><U18/><E18/><V64/><F97/><W51/><G112/><T13/><D0/><U24/><E24/><V23/><F71/><W1/><G116/><T59/><D99/><N who="1" m="61759" /><E115/><V22/><F66/><W94/><G130/><T79/><D79/><U70/><E70/><V39/><F39/><W20/><G124/><T40/><REACH who="0" step="1"/><D59/><REACH who="0" ten="236,210,204,340" step="2"/><U31/><E119/><V76/><F9/><W100/><G32/><T120/><D120/><U93/><E93/><V84/><F76/><W45/><G1/><T129/><D129/><U68/><E68/><V27/><F64/><W98/><G29/><T122/><D122/><U43/><E31/><V110/><F110/><W63/><G63/><T33/><D33/><U105/><E105/><V81/><F81/><W113/><G113/><T55/><D55/><N who="1" m="30167" /><E86/><AGARI ba="0,1" hai="11,13,16,26,28,35,40,47,48,52,53,80,86,89" machi="86" ten="40,8000,1" yaku="1,1,52,1,54,2,53,0" doraHai="37" doraHaiUra="61" who="0" fromWho="1" sc="236,90,210,-80,204,0,340,0" /><INIT seed="3,0,0,5,4,106" ten="326,130,204,340" oya="3" hai0="117,134,124,50,33,47,100,17,52,4,28,128,63" hai1="94,0,76,118,125,130,105,18,54,42,95,90,19" hai2="114,3,9,131,8,110,135,83,7,27,71,11,25" hai3="13,39,80,99,79,108,15,98,48,51,43,64,56"/><W60/><G39/><T74/><D117/><U32/><E32/><V103/><F114/><W29/><G108/><T111/><D111/><U115/><E115/><V132/><F71/><W23/><G15/><T120/><D120/><U38/><E118/><V40/><F110/><W126/><G126/><T78/><D124/><U49/><E125/><V113/><F113/><W81/><G81/><T34/><D4/><U86/><E0/><V36/><F103/><W67/><G67/><T133/><D100/><U102/><E130/><V72/><F131/><W82/><G82/><N who="0" m="45399" /><D28/><U14/><E42/><V127/><F127/><W58/><G51/><T121/><D121/><U61/><E38/><V1/><F1/><W22/><G22/><T101/><D101/><U89/><E105/><V44/><F27/><W12/><G12/><T122/><D122/><U96/><E61/><V129/><F129/><W70/><G70/><T107/><D107/><U77/><E102/><V85/><F25/><N who="3" m="16575" /><G13/><T2/><D2/><U30/><E18/><V37/><F37/><W35/><G35/><T69/><D128/><U87/><E30/><V112/><F112/><W62/><G62/><T21/><D63/><U45/><REACH who="1" step="1"/><E96/><REACH who="1" ten="326,120,204,340" step="2"/><V59/><F72/><N who="3" m="43111" /><G43/><T104/><D104/><U65/><E65/><V68/><F68/><W66/><G66/><T123/><D69/><U24/><E24/><V84/><F59/><W20/><G20/><AGARI ba="0,1" hai="14,19,20,45,49,54,76,77,86,87,89,90,94,95" machi="20" ten="30,7700,0" yaku="1,1,7,1,9,1,8,1,53,0" doraHai="106" doraHaiUra="116" who="1" fromWho="3" sc="326,0,120,87,204,0,340,-77" /><INIT seed="4,0,0,1,0,84" ten="326,207,204,263" oya="0" hai0="112,68,10,51,35,5,59,132,95,75,118,111,124" hai1="81,70,131,30,28,9,17,72,96,119,41,1,37" hai2="104,120,110,85,18,50,0,48,53,43,39,76,54" hai3="122,44,107,56,21,26,31,3,102,106,23,71,67"/><T33/><D118/><U128/><E17/><V127/><F120/><W13/><G3/><T93/><D68/><U27/><E30/><V92/><F110/><W34/><G122/><T94/><D75/><U80/><E70/><V22/><F104/><W8/><G44/><T82/><D111/><U86/><E96/><V6/><F127/><W135/><G135/><T49/><D124/><U52/><E52/><V99/><F0/><W4/><G56/><T125/><D125/><U134/><E134/><V77/><F6/><W126/><G126/><T69/><D69/><U66/><E66/><V101/><F39/><W45/><G45/><T64/><D132/><U123/><E123/><V40/><F76/><W100/><G100/><T29/><D29/><U38/><E119/><V89/><F22/><W57/><G57/><T65/><D82/><U62/><E62/><V55/><F18/><W79/><G79/><T63/><D65/><U24/><E28/><V42/><REACH who="2" step="1"/><F77/><REACH who="2" ten="326,207,194,263" step="2"/><W117/><G117/><T2/><D35/><U129/><E1/><V32/><F32/><W121/><G121/><T113/><D33/><U97/><E9/><V11/><F11/><W47/><G47/><T105/><D105/><U7/><E7/><V60/><F60/><N who="3" m="40423" /><G106/><T87/><D87/><U12/><E128/><V58/><F58/><W98/><AGARI ba="0,1" hai="4,8,13,21,23,26,31,34,98,102,107" m="40423" machi="98" ten="30,1100,0" yaku="25,1" doraHai="84" who="3" fromWho="3" sc="326,-5,207,-3,194,-3,263,21" /><INIT seed="5,0,0,4,1,133" ten="321,204,191,284" oya="1" hai0="43,92,118,46,13,20,47,76,27,60,38,89,11" hai1="2,73,36,5,41,53,96,37,111,26,82,86,22" hai2="19,16,117,40,97,90,105,101,7,134,32,83,34" hai3="122,115,33,61,127,77,99,100,12,110,52,30,59"/><U109/><E73/><V3/><F117/><W102/><G77/><T113/><D118/><U63/><E96/><V21/><F134/><W103/><G110/><N who="1" m="41994" /><E2/><V119/><F119/><W132/><G132/><T88/><D113/><U39/><E5/><V71/><F71/><W114/><G122/><T126/><D126/><U1/><E1/><V55/><F40/><W128/><G128/><T54/><D76/><N who="1" m="46407" /><E41/><V24/><F55/><W121/><G121/><T65/><D54/><U72/><E72/><V58/><F58/><W67/><G33/><T135/><D47/><U29/><E53/><V80/><F19/><W87/><G30/><T0/><D0/><U130/><E63/><V69/><F69/><W104/><G87/><T131/><D131/><AGARI ba="0,0" hai="22,26,29,36,37,39,130,131" m="46407,41994" machi="131" ten="40,2000,0" yaku="10,1" doraHai="133" who="1" fromWho="0" sc="321,-20,204,20,191,0,284,0" /><INIT seed="5,1,0,3,1,115" ten="301,224,191,284" oya="1" hai0="78,111,30,29,17,114,112,130,31,64,37,9,95" hai1="90,11,77,41,71,23,18,122,88,43,81,48,4" hai2="59,38,103,70,116,113,22,5,102,69,57,15,39" hai3="63,24,74,118,13,126,105,19,72,35,42,34,60"/><U10/><E122/><V110/><F113/><N who="0" m="43626" /><D37/><U131/><E131/><V87/><F110/><W101/><G42/><N who="1" m="15882" /><E71/><N who="2" m="27147" /><F5/><W123/><G105/><T83/><D64/><U108/><E108/><V46/><F116/><W121/><G101/><N who="2" m="38409" /><F15/><W119/><G13/><N who="0" m="7343" /><D111/><U128/><E128/><V68/><N who="2" m="27155" /><V117/><DORA hai="107" /><F117/><N who="3" m="44555" /><G19/><T96/><D130/><U50/><E4/><V12/><F12/><W86/><G86/><T120/><D120/><N who="3" m="46153" /><G24/><T33/><D33/><N who="3" m="12297" /><G126/><T27/><D27/><N who="1" m="14839" /><E81/><V109/><F109/><W53/><G53/><T92/><D96/><U8/><E77/><V97/><F22/><W26/><G26/><T1/><D78/><U51/><AGARI ba="1,0" hai="8,10,11,48,50,51,88,90" m="14839,15882" machi="51" ten="40,3900,0" yaku="8,1,54,1" doraHai="115,107" who="1" fromWho="1" sc="301,-14,224,42,191,-14,284,-14" /><INIT seed="5,2,0,4,4,82" ten="287,266,177,270" oya="1" hai0="3,67,54,134,102,66,52,62,27,42,88,43,59" hai1="25,83,121,95,48,126,37,122,29,63,124,73,97" hai2="132,74,8,111,12,103,75,1,94,34,47,24,45" hai3="89,117,64,76,101,98,6,123,99,2,127,91,108"/><U17/><E37/><V35/><F1/><W128/><G64/><N who="0" m="24619" /><D3/><U15/><E73/><V18/><F111/><W41/><G41/><N who="0" m="15371" /><D102/><N who="1" m="60735" /><E83/><V10/><F132/><W92/><G6/><T129/><D27/><U40/><E63/><V56/><F75/><W116/><G2/><T77/><D77/><U57/><E57/><V85/><F74/><W5/><G5/><T36/><D36/><U87/><E87/><V72/><F72/><W119/><G123/><T16/><D134/><U112/><E48/><V14/><F56/><W93/><G108/><T79/><D79/><U100/><E40/><V115/><F115/><W32/><G32/><T110/><D110/><U50/><E112/><V86/><F35/><W20/><G20/><T55/><D16/><U23/><E50/><V109/><F109/><W113/><G76/><T133/><D133/><U81/><E81/><V11/><F34/><W30/><G30/><T90/><D129/><U49/><E49/><V13/><F103/><W9/><G9/><T105/><D105/><U26/><E100/><V61/><F61/><W53/><G53/><AGARI ba="2,0" hai="52,53,54,55,59,62,88,90" m="15371,24619" machi="53" ten="30,3900,0" yaku="8,1,54,2" doraHai="82" who="0" fromWho="3" sc="287,45,266,0,177,0,270,-45" /><INIT seed="6,0,0,5,5,55" ten="332,266,177,225" oya="2" hai0="48,78,135,46,73,133,50,80,129,24,119,92,93" hai1="97,76,14,6,13,28,58,11,45,40,8,56,62" hai2="57,83,2,100,61,110,0,95,101,35,96,32,60" hai3="7,12,125,65,121,89,94,72,114,108,90,5,39"/><V67/><F110/><W88/><G39/><T42/><D119/><U71/><E71/><V9/><F83/><W118/><G72/><T3/><D3/><U131/><E131/><V98/><F61/><W1/><G108/><T126/><D129/><U29/><E76/><V102/><F9/><W18/><G125/><T124/><D24/><U132/><E132/><N who="0" m="50761" /><D50/><N who="1" m="26919" /><E97/><V10/><F10/><W41/><G121/><T15/><D15/><N who="1" m="5527" /><E62/><V27/><F27/><W21/><G114/><T52/><D42/><U85/><E85/><V122/><F122/><W123/><G65/><T127/><AGARI ba="0,0" hai="46,48,52,73,78,80,92,93,124,126,127" m="50761" machi="127" ten="40,5200,0" yaku="18,1,20,1,54,1" doraHai="55" who="0" fromWho="0" sc="332,52,266,-13,177,-26,225,-13" /><INIT seed="7,0,0,3,0,119" ten="384,253,151,212" oya="3" hai0="71,129,68,103,72,53,11,110,62,105,51,80,124" hai1="10,78,107,92,36,83,73,126,19,55,64,121,82" hai2="117,114,95,75,26,86,45,69,41,66,24,15,4" hai3="93,134,20,111,90,127,94,22,132,125,32,46,76"/><W21/><G32/><T8/><D110/><U40/><E121/><V99/><F117/><W85/><G76/><T25/><D129/><U67/><E107/><V91/><F114/><W49/><G111/><T100/><D100/><U48/><E126/><V131/><F131/><W84/><G46/><T29/><D124/><N who="3" m="47689" /><G49/><T65/><D68/><U28/><E28/><V60/><F75/><W61/><G61/><T112/><D112/><U63/><E64/><V50/><F99/><W58/><G58/><T27/><D27/><U18/><E10/><V87/><F87/><N who="3" m="33355" /><G90/><T0/><D0/><U59/><E92/><AGARI ba="0,0" hai="20,21,22,92,93,94,132,134" m="33355,47689" machi="92" ten="40,7700,0" yaku="28,2,18,1" doraHai="119" who="3" fromWho="1" sc="384,0,253,-77,151,0,212,77" /><INIT seed="7,1,0,1,4,22" ten="384,176,151,289" oya="3" hai0="29,71,62,35,53,13,44,39,14,113,65,119,43" hai1="11,15,96,115,5,103,27,120,9,1,75,67,101" hai2="34,86,126,40,51,52,60,129,57,21,91,100,93" hai3="30,111,122,99,28,106,25,123,82,73,26,56,46"/><W95/><G106/><T42/><D119/><U125/><E125/><V45/><F34/><W108/><G73/><T10/><D43/><U102/><E75/><V118/><F118/><W37/><G82/><T124/><D124/><U97/><E120/><V6/><F126/><W12/><G12/><T127/><D127/><U66/><E115/><V107/><F129/><W63/><G46/><T133/><D113/><U19/><E27/><N who="3" m="10250" /><G37/><T16/><D35/><U70/><E70/><V109/><F109/><N who="3" m="42059" /><G28/><T4/><D29/><U116/><E116/><V92/><F107/><W130/><G30/><T61/><D133/><U33/><E33/><V38/><F6/><W18/><G18/><T134/><D134/><U105/><E102/><V85/><F21/><W79/><G79/><T3/><D61/><U87/><E87/><V64/><F85/><W135/><G130/><T47/><D47/><U77/><E77/><V41/><REACH who="2" step="1"/><F38/><REACH who="2" ten="384,176,141,289" step="2"/><W20/><G135/><T69/><D39/><U2/><E2/><V88/><F88/><N who="3" m="55783" /><G20/><T68/><D16/><U36/><E36/><V58/><F58/><W0/><G0/><T74/><D74/><U104/><AGARI ba="1,1" hai="1,5,9,11,15,19,66,67,96,97,101,103,104,105" machi="104" ten="20,2700,0" yaku="0,1,7,1,9,1" doraHai="22" who="1" fromWho="1" sc="384,-8,176,40,141,-8,289,-14" owari="376,47,216,-18,133,-37,275,8" /></mjloggm>