<mjloggm ver="2.3"><GO type="137" lobby="0"/><UN n0="%E7%95%99%E8%90%8C" n1="%53%68%69%79%61" n2="%E3%81%BC%E3%82%8C%E3%82%8A" n3="%E3%81%88%E3%81%B3%E3%81%99%E3%81%BE%E3%82%8B" dan="11,11,12,13" rate="1607.49,1558.02,1657.95,1710.44" sx="F,M,M,M"/><TAIKYOKU oya="0"/><INIT seed="0,0,0,0,3,55" ten="250,250,250,250" oya="0" hai0="40,8,91,33,125,84,25,23,29,116,52,108,101" hai1="71,102,45,1,135,130,114,42,70,7,58,59,43" hai2="46,75,3,90,109,121,19,27,38,31,4,76,134" hai3="128,127,47,0,36,53,124,17,28,16,12,82,18"/><T100/><D116/><U98/><E135/><V89/><F121/><W69/><G69/><T88/><D40/><U66/><E130/><V74/><F134/><W63/><G128/><T32/><D125/><N who="3" m="48201" /><G0/><T73/><D73/><U80/><E80/><V131/><F131/><W93/><G82/><T95/><D108/><U21/><E114/><V72/><F109/><W85/><G28/><T67/><D67/><U104/><E21/><V129/><F129/><W62/><G36/><T81/><D8/><U99/><E99/><V79/><F3/><W39/><G39/><T24/><D52/><U11/><E43/><V64/><F4/><W49/><G12/><T122/><D122/><U37/><REACH who="1" step="1"/><E70/><REACH who="1" ten="250,240,250,250" step="2"/><V35/><F35/><W44/><G47/><T133/><D133/><U83/><E83/><V68/><F46/><W9/><G9/><T92/><D81/><U106/><E106/><V132/><F68/><W112/><G112/><T118/><D118/><U48/><E48/><V117/><F132/><W10/><G10/><T94/><D94/><U60/><AGARI ba="0,1" hai="1,7,11,37,42,45,58,59,60,66,71,98,102,104" machi="60" ten="30,8000,1" yaku="1,1,0,1,52,2,53,1" doraHai="55" doraHaiUra="34" who="1" fromWho="1" sc="250,-40,240,90,250,-20,250,-20" /><INIT seed="1,0,0,5,1,91" ten="210,330,230,230" oya="1" hai0="35,46,64,103,45,114,53,30,9,4,94,98,62" hai1="128,132,78,0,13,109,87,10,69,5,51,58,59" hai2="100,6,131,102,122,99,129,79,82,86,121,15,85" hai3="74,39,36,34,126,8,116,115,83,113,68,25,96"/><U50/><E128/><N who="2" m="49227" /><F6/><W18/><G68/><T42/><D114/><U47/><E69/><V1/><F1/><W3/><G116/><T76/><D76/><U61/><E132/><V26/><F26/><W60/><G126/><T72/><D72/><U33/><E33/><V110/><F15/><W32/><G60/><T120/><D120/><N who="2" m="46186" /><F110/><W70/><G70/><T41/><D35/><U111/><E0/><V92/><F86/><W118/><G118/><T43/><D30/><U125/><E125/><V134/><F134/><W44/><G96/><T95/><D95/><U52/><E50/><V119/><F119/><W31/><G18/><T21/><D21/><U88/><E78/><V38/><F38/><W11/><G34/><T117/><D117/><U65/><REACH who="1" step="1"/><E59/><REACH who="1" ten="210,320,230,230" step="2"/><V63/><F63/><W80/><G3/><T56/><REACH who="0" step="1"/><D64/><REACH who="0" ten="200,320,230,230" step="2"/><U93/><AGARI ba="0,2" hai="5,10,13,47,51,52,58,61,65,87,88,93,109,111" machi="93" ten="30,18000,2" yaku="1,1,2,1,0,1,52,1,54,2,53,1" doraHai="91" doraHaiUra="48" who="1" fromWho="1" sc="200,-60,320,200,230,-60,230,-60" /><INIT seed="1,1,0,2,0,20" ten="140,520,170,170" oya="1" hai0="45,72,120,76,7,2,53,13,70,75,121,118,96" hai1="26,100,113,74,55,133,106,90,78,16,24,111,62" hai2="4,54,92,82,132,108,129,131,126,130,69,117,83" hai3="68,60,97,84,122,28,93,101,73,61,29,39,0"/><U63/><E113/><V109/><F69/><W15/><G0/><T36/><D70/><U104/><E74/><V37/><F37/><W21/><G122/><N who="0" m="47211" /><D118/><U41/><E78/><V81/><F4/><W66/><G73/><T17/><D96/><U49/><E133/><V9/><F9/><W48/><G39/><T85/><D2/><U43/><E100/><V107/><F54/><W115/><G115/><T125/><D125/><U6/><E6/><V56/><F56/><W35/><G35/><T79/><D7/><U67/><E90/><V1/><F1/><W65/><G48/><N who="0" m="28815" /><D36/><U89/><E63/><V114/><F114/><W5/><G84/><T47/><D47/><U42/><E89/><V94/><F117/><W51/><G51/><T135/><D135/><U123/><E123/><V10/><F10/><W22/><G5/><T52/><D52/><U88/><E106/><V95/><F132/><W18/><G22/><N who="0" m="11567" /><D85/><U58/><E104/><V105/><F126/><W112/><G112/><T86/><D86/><U32/><E32/><V64/><F64/><W3/><REACH who="3" step="1"/><G3/><REACH who="3" ten="140,520,170,160" step="2"/><T44/><D44/><U50/><E50/><V12/><F12/><W103/><G103/><T25/><D72/><U116/><E116/><V77/><F77/><W34/><G34/><T38/><D75/><U87/><E87/><V46/><F46/><W91/><G91/><T33/><D38/><U59/><E88/><V102/><F102/><W134/><G134/><T8/><D8/><U99/><E49/><V128/><F128/><W80/><G80/><T19/><D33/><U31/><E99/><RYUUKYOKU ba="1,1" sc="140,10,520,-30,170,10,160,10" hai0="19,25,76,79" hai2="81,82,83,92,94,95,105,107,108,109,129,130,131" hai3="15,18,21,28,29,60,61,65,66,68,93,97,101" /><INIT seed="2,2,1,4,0,12" ten="150,490,180,170" oya="2" hai0="48,37,6,117,108,92,58,79,65,68,11,46,110" hai1="96,49,102,17,135,91,119,51,8,133,43,40,87" hai2="20,56,99,39,57,42,54,0,2,28,120,116,98" hai3="44,128,109,36,86,32,70,53,101,60,23,106,66"/><V52/><F116/><W84/><G32/><T111/><D117/><U26/><E119/><V61/><F39/><W18/><G128/><T63/><D79/><U29/><E29/><V113/><F42/><N who="1" m="15913" /><E26/><V124/><F113/><W115/><G115/><T95/><D37/><U7/><E7/><V105/><F120/><W100/><G109/><T41/><REACH who="0" step="1"/><D68/><REACH who="0" ten="140,490,180,170" step="2"/><U97/><E135/><V33/><F33/><W112/><G36/><T10/><D10/><U75/><E133/><V93/><F124/><W9/><G112/><T24/><D24/><U13/><E75/><V15/><F105/><W59/><G9/><T5/><D5/><U103/><E103/><N who="3" m="39498" /><G70/><T118/><D118/><U127/><E102/><V85/><F0/><AGARI ba="2,2" hai="0,6,11,41,46,48,58,63,65,92,95,108,110,111" machi="0" ten="40,2600,0" yaku="1,1,14,1,53,0" doraHai="12" doraHaiUra="132" who="0" fromWho="2" sc="140,52,490,0,180,-32,170,0" /><INIT seed="3,0,0,3,0,87" ten="192,490,148,170" oya="3" hai0="48,89,60,5,49,97,8,91,57,125,51,3,131" hai1="126,83,135,66,43,40,70,73,10,116,72,31,55" hai2="82,22,63,6,129,109,68,114,81,32,100,0,20" hai3="47,85,45,19,128,64,11,132,58,15,104,24,110"/><W37/><G104/><T120/><D120/><U54/><E126/><V115/><F114/><W25/><G132/><T61/><D125/><U124/><E124/><V33/><F109/><W98/><G110/><T13/><D131/><U71/><E135/><V130/><F115/><W50/><G128/><T65/><D3/><U127/><E127/><V27/><F100/><W105/><G37/><T79/><D79/><U93/><E31/><V7/><F63/><W94/><G105/><T38/><D38/><U123/><E10/><V21/><F0/><W99/><G64/><T95/><REACH who="0" step="1"/><D61/><REACH who="0" ten="182,490,148,170" step="2"/><U92/><E123/><V41/><F130/><W34/><G34/><T28/><D28/><U67/><E116/><V101/><F129/><W35/><G35/><T36/><D36/><U121/><E121/><V119/><F119/><W2/><G2/><T59/><D59/><U88/><E83/><V86/><F68/><W90/><G58/><T9/><D9/><U107/><E107/><V113/><F113/><W69/><G69/><T103/><AGARI ba="0,1" hai="5,8,13,48,49,51,57,60,65,89,91,95,97,103" machi="103" ten="30,8000,1" yaku="1,1,0,1,8,1,52,2,53,0" doraHai="87" doraHaiUra="26" who="0" fromWho="0" sc="182,90,490,-20,148,-20,170,-40" /><INIT seed="4,0,0,0,2,3" ten="272,470,128,130" oya="0" hai0="40,97,2,44,98,118,34,62,19,17,116,100,131" hai1="8,119,54,1,130,90,29,108,30,84,111,68,5" hai2="57,33,107,109,127,134,75,32,28,82,72,14,89" hai3="76,132,65,95,61,42,102,71,41,121,22,73,126"/><T4/><D2/><U86/><E68/><V91/><F107/><W52/><G73/><T96/><D34/><U20/><E119/><V26/><F109/><W60/><G76/><T50/><D118/><U74/><E74/><V21/><F134/><W39/><G132/><T69/><D116/><U24/><E130/><V93/><F127/><W55/><G126/><T10/><D131/><U101/><E29/><V92/><F82/><W114/><G22/><T27/><D69/><U48/><E101/><V67/><F67/><W64/><G102/><T129/><D129/><U81/><E86/><V25/><F32/><W87/><G87/><T106/><D62/><U0/><E0/><V58/><F14/><W117/><G117/><T18/><REACH who="0" step="1"/><D27/><REACH who="0" ten="262,470,128,130" step="2"/><U88/><E108/><V47/><F26/><W9/><G95/><T46/><D46/><U56/><E111/><V94/><F47/><W70/><G9/><T133/><D133/><U49/><E49/><V110/><F110/><W31/><G31/><T53/><D53/><U43/><E43/><V13/><F33/><W23/><G23/><T115/><D115/><U103/><E54/><V59/><F13/><W112/><REACH who="3" step="1"/><G121/><REACH who="3" ten="262,470,128,120" step="2"/><T11/><D11/><U124/><E8/><V78/><F93/><W120/><G120/><T37/><D37/><AGARI ba="0,2" hai="37,39,41,42,52,55,60,61,64,65,70,71,112,114" machi="37" ten="25,12000,2" yaku="1,1,22,2,34,3,54,1,53,0" doraHai="3" doraHaiUra="12" who="3" fromWho="0" sc="262,-120,470,0,128,0,120,140" /><INIT seed="5,0,0,2,4,8" ten="142,470,128,260" oya="1" hai0="112,45,11,3,27,108,89,28,24,111,61,39,10" hai1="46,56,77,29,19,82,122,66,97,72,5,51,44" hai2="135,114,58,123,43,7,78,104,49,125,131,14,37" hai3="57,126,48,118,17,98,47,35,42,75,4,30,21"/><U65/><E122/><V87/><F104/><W62/><G4/><T94/><D111/><U63/><E5/><V109/><F123/><W92/><G118/><T106/><D108/><U6/><E6/><V64/><F109/><W15/><G75/><T101/><D106/><U54/><E29/><V70/><F114/><W96/><G126/><T133/><D133/><U79/><E79/><V13/><F125/><W117/><G117/><T113/><D101/><U31/><E31/><V130/><F135/><W88/><G35/><T134/><D134/><U40/><E97/><V36/><F70/><W121/><G121/><T0/><D61/><U25/><E44/><N who="2" m="25759" /><F7/><W2/><G2/><T20/><D39/><U53/><E53/><V100/><F100/><W73/><G73/><T95/><D45/><U103/><E103/><V76/><F87/><N who="3" m="52255" /><G30/><T115/><D27/><U71/><E71/><V60/><F37/><W34/><G34/><T110/><D110/><U129/><E129/><N who="2" m="49163" /><F36/><W116/><G116/><T107/><D107/><U69/><E65/><AGARI ba="0,0" hai="15,17,21,42,47,48,57,62,65,96,98" m="52255" machi="65" ten="30,3900,0" yaku="8,1,52,1,54,1" doraHai="8" who="3" fromWho="1" sc="142,0,470,-39,128,0,260,39" /><INIT seed="6,0,0,3,4,63" ten="142,431,128,299" oya="2" hai0="92,34,115,84,61,29,41,125,73,111,68,126,0" hai1="15,77,87,11,95,135,74,47,127,81,37,25,31" hai2="75,22,10,86,49,36,5,7,106,130,82,110,99" hai3="83,28,120,122,32,76,97,89,79,117,101,6,14"/><V44/><F36/><W53/><G32/><T43/><D111/><U112/><E112/><V93/><F75/><W24/><G117/><T134/><D73/><U30/><E127/><N who="0" m="48649" /><D0/><U66/><E135/><V104/><F110/><W54/><G120/><T16/><D134/><U105/><E105/><V69/><F69/><W51/><G122/><T19/><D115/><U107/><E107/><V48/><F130/><W119/><G119/><T40/><D68/><U128/><E128/><V26/><F104/><W96/><G101/><T52/><D34/><U121/><E121/><V4/><F106/><W12/><G89/><N who="0" m="53287" /><D29/><U1/><E1/><V129/><F129/><W38/><G38/><T103/><D103/><U39/><E66/><V98/><F98/><W118/><G118/><T100/><D100/><U85/><E74/><V65/><F65/><W56/><G28/><N who="1" m="10794" /><E37/><V55/><F49/><W71/><G71/><T91/><D91/><N who="1" m="53743" /><E39/><V133/><F133/><W35/><G35/><T21/><D21/><U17/><E47/><V3/><F3/><W78/><G24/><AGARI ba="0,0" hai="11,15,17,24,25,77,81,87" m="53743,10794" machi="24" ten="30,1000,0" yaku="8,1" doraHai="63" who="1" fromWho="3" sc="142,0,431,10,128,0,299,-10" /><INIT seed="7,0,0,1,5,2" ten="142,441,128,289" oya="3" hai0="101,12,14,22,51,24,71,40,47,102,81,67,110" hai1="99,69,83,88,15,119,55,91,125,109,25,3,92" hai2="89,30,121,95,87,113,74,124,105,93,114,42,128" hai3="90,23,5,45,61,54,134,56,62,19,76,32,35"/><W115/><G76/><T120/><D110/><U39/><E109/><V107/><F42/><W48/><G134/><T16/><D120/><U63/><E39/><V31/><F31/><W0/><G115/><N who="2" m="44041" /><F30/><W1/><G1/><T68/><D81/><U112/><E112/><V96/><F74/><W117/><G117/><T131/><D131/><U8/><E3/><V65/><F65/><W132/><G132/><T7/><D7/><N who="1" m="3487" /><E125/><V118/><F124/><W49/><G90/><T21/><D67/><U126/><E126/><V36/><F36/><W94/><G35/><T6/><D6/><U106/><E106/><N who="2" m="40459" /><F118/><W111/><G32/><T37/><D37/><U130/><E130/><V33/><F33/><W46/><G111/><T122/><D122/><U9/><E9/><V41/><F41/><W97/><G0/><T28/><D12/><U73/><E73/><V29/><F29/><W26/><G5/><T135/><D135/><U123/><E123/><V133/><F121/><W70/><G70/><T43/><D43/><U10/><E69/><V79/><F133/><W11/><G11/><T13/><D13/><U108/><E10/><V17/><F17/><W72/><G72/><T60/><D60/><N who="3" m="23145" /><G49/><T85/><D71/><U4/><E108/><V103/><F79/><W116/><G116/><T64/><D85/><U98/><E119/><V78/><F78/><W20/><G20/><T82/><D82/><U53/><E63/><V86/><F128/><W84/><G84/><AGARI ba="0,0" hai="84,86,87,89,93,95,96,103" m="40459,44041" machi="84" ten="30,3900,0" yaku="15,1,34,2" doraHai="2" who="2" fromWho="3" sc="142,0,441,0,128,39,289,-39" owari="142,-36,441,54,167,-23,250,5" /></mjloggm>