<mjloggm ver="2.3"><GO type="137" lobby="0"/><UN n0="%73%68%69%72%61%74%61%61" n1="%E7%95%99%E8%90%8C" n2="%4D%4A%46%52%45%41%4B" n3="%E5%8C%97%E9%A2%A8" dan="13,11,12,11" rate="1741.26,1558.27,1613.38,1513.35" sx="M,F,M,M"/><TAIKYOKU oya="0"/><INIT seed="0,0,0,0,5,87" ten="250,250,250,250" oya="0" hai0="38,33,84,127,64,58,12,45,50,77,30,56,115" hai1="21,119,134,103,36,70,123,9,66,125,48,37,44" hai2="117,132,83,88,17,19,5,135,91,79,68,49,27" hai3="89,96,133,55,129,23,18,10,75,42,39,31,62"/><T41/><D115/><U26/><E119/><V35/><F5/><W53/><G75/><T29/><D127/><U34/><E123/><V104/><F104/><W85/><G10/><T122/><D122/><U72/><E125/><V65/><F117/><W4/><G4/><T24/><D29/><U76/><E134/><N who="2" m="51243" /><F65/><W28/><G129/><T71/><D12/><U86/><E72/><V51/><F68/><W107/><G133/><T110/><D110/><U92/><E34/><V13/><F35/><W73/><G73/><T22/><D84/><U8/><E103/><V131/><F131/><W20/><G39/><T43/><D77/><U111/><E111/><V114/><F114/><W60/><G107/><T101/><D101/><U90/><E76/><V109/><F109/><W120/><G120/><T47/><D22/><U99/><E70/><V14/><F27/><W81/><G42/><T54/><REACH who="0" step="1"/><D41/><REACH who="0" ten="240,250,250,250" step="2"/><U112/><E112/><V95/><F14/><W16/><G31/><T69/><D69/><U108/><E108/><V15/><F13/><W102/><G28/><T59/><D59/><U94/><E36/><V2/><F15/><W118/><G118/><T40/><D40/><U74/><E37/><V113/><F113/><W97/><G102/><T6/><D6/><U98/><E74/><N who="2" m="43511" /><F2/><W32/><G32/><T82/><D82/><U1/><E1/><V130/><F130/><W100/><G100/><T106/><D106/><U93/><E66/><V7/><F7/><W126/><G126/><T0/><D0/><U25/><E44/><V11/><F11/><N who="1" m="4169" /><E21/><V80/><F80/><RYUUKYOKU ba="0,1" sc="240,30,250,-10,250,-10,250,-10" hai0="24,30,33,38,43,45,47,50,54,56,58,64,71" /><INIT seed="0,1,1,3,3,67" ten="270,240,240,240" oya="0" hai0="30,65,44,119,76,69,71,127,95,19,100,52,20" hai1="18,17,22,59,63,74,0,101,128,116,93,31,72" hai2="105,109,61,104,35,28,112,15,5,99,110,120,132" hai3="25,124,111,16,47,92,102,131,56,60,97,6,117"/><T118/><D127/><U12/><E0/><V122/><F15/><W125/><G117/><T50/><D76/><U9/><E116/><V55/><F55/><W13/><G111/><T3/><D3/><U34/><E128/><V23/><F23/><W90/><G47/><T4/><D4/><U54/><E34/><V2/><F112/><W64/><G131/><T57/><D119/><U80/><E31/><V135/><F61/><W68/><G6/><T89/><D118/><U33/><E33/><V107/><F99/><W134/><G134/><T133/><D133/><U49/><E80/><V66/><F66/><W82/><G82/><T77/><D77/><U40/><E40/><V43/><F43/><W38/><G38/><T41/><D100/><U70/><E70/><V108/><F28/><W24/><G56/><T36/><D65/><U29/><E29/><V78/><F78/><W79/><G79/><T98/><REACH who="0" step="1"/><D30/><REACH who="0" ten="260,240,240,240" step="2"/><U75/><E101/><V88/><F88/><W45/><G102/><T129/><D129/><U83/><E83/><V85/><F5/><W130/><G130/><T91/><D91/><U113/><E113/><V86/><F2/><W39/><G125/><T10/><D10/><U46/><E93/><V62/><F35/><W81/><G124/><T121/><D121/><N who="2" m="46698" /><F62/><W37/><G81/><T48/><D48/><U123/><E123/><V11/><F11/><W32/><G32/><T42/><D42/><N who="1" m="24791" /><E75/><V53/><F53/><W103/><G103/><T96/><D96/><U58/><E58/><V1/><F1/><W114/><G114/><T51/><D51/><RYUUKYOKU ba="1,2" sc="260,10,240,10,240,10,240,-30" hai0="19,20,36,41,44,50,52,57,69,71,89,95,98" hai1="9,12,17,18,22,54,59,63,72,74" hai2="85,86,104,105,107,108,109,110,132,135" /><INIT seed="0,2,2,1,0,1" ten="270,250,250,210" oya="0" hai0="55,92,3,36,11,85,66,17,2,40,35,84,14" hai1="102,75,86,124,123,95,96,97,16,117,104,113,52" hai2="100,93,67,5,73,72,48,98,4,134,59,24,118" hai3="60,78,50,114,31,64,23,26,133,71,127,74,38"/><T32/><D66/><U94/><E123/><V20/><F134/><W34/><G38/><T65/><D65/><U81/><E117/><V45/><F118/><W15/><G114/><T19/><D55/><U53/><E113/><V99/><F99/><W105/><G50/><T9/><D40/><U87/><E124/><V39/><F39/><W0/><G133/><T121/><D36/><U10/><E75/><V22/><F22/><W111/><G111/><T125/><D92/><U135/><E135/><V12/><F12/><W131/><G127/><T18/><D125/><U103/><E104/><V88/><F73/><W6/><G131/><T57/><D57/><U29/><E29/><N who="2" m="17543" /><F72/><W37/><G37/><T62/><D62/><U110/><E110/><V43/><F88/><W132/><G132/><T46/><D46/><U54/><E81/><V42/><F42/><W51/><G51/><T106/><D106/><U130/><E130/><V7/><F7/><W109/><G109/><T108/><D108/><U21/><REACH who="1" step="1"/><E10/><REACH who="1" ten="270,240,250,210" step="2"/><V89/><F89/><W33/><G33/><T69/><D121/><U116/><E116/><V70/><F70/><W27/><G27/><AGARI ba="2,3" hai="16,21,27,52,53,54,86,87,94,95,96,97,102,103" machi="27" ten="40,8000,1" yaku="1,1,9,1,8,1,54,2,53,0" doraHai="1" doraHaiUra="79" who="1" fromWho="3" sc="270,0,240,116,250,0,210,-86" /><INIT seed="1,0,0,1,3,58" ten="270,356,250,124" oya="1" hai0="61,29,114,125,38,67,35,135,82,75,126,85,22" hai1="32,117,0,45,80,77,104,100,89,30,34,48,42" hai2="129,110,65,93,122,14,33,83,15,71,8,133,2" hai3="95,78,52,27,57,81,6,53,116,128,73,86,131"/><U47/><E117/><V56/><F122/><W36/><G36/><T59/><D38/><U97/><E0/><V4/><F71/><W10/><G116/><T43/><D43/><U1/><E1/><V87/><F110/><W91/><G27/><T7/><D7/><U96/><E96/><V118/><F118/><W41/><G41/><T113/><D75/><U68/><E68/><V92/><F33/><W88/><G57/><T74/><D74/><U9/><E9/><V46/><F46/><W49/><G49/><T124/><D35/><U37/><E30/><V54/><F65/><W106/><G91/><N who="0" m="51639" /><D135/><U115/><E115/><V134/><F129/><N who="3" m="49739" /><G6/><T127/><N who="0" m="32256" /><DORA hai="76" /><T39/><D39/><U50/><E89/><V121/><F121/><W19/><G19/><T21/><D29/><U28/><E28/><V17/><F15/><W11/><G106/><T12/><D12/><U107/><E107/><V98/><F98/><W13/><G13/><T102/><D102/><U79/><E79/><V69/><F69/><W31/><G31/><T51/><D51/><U26/><E26/><V64/><F64/><W23/><G23/><AGARI ba="0,0" hai="21,22,23,59,61,67,113,114" m="32256,51639" machi="23" ten="60,7700,0" yaku="18,1,52,2" doraHai="58,76" who="0" fromWho="3" sc="270,77,356,0,250,0,124,-77" /><INIT seed="2,0,0,5,1,62" ten="347,356,250,47" oya="2" hai0="0,97,81,82,23,112,134,13,65,104,68,99,38" hai1="26,113,21,123,35,120,111,125,51,103,50,5,19" hai2="80,90,67,43,124,45,93,44,3,46,114,88,63" hai3="9,27,109,132,87,10,25,15,89,30,101,12,95"/><V121/><F114/><W59/><G109/><T24/><D112/><U32/><E113/><V131/><F121/><N who="1" m="46665" /><E111/><V54/><F3/><W96/><G132/><T133/><D38/><U76/><E125/><V37/><F124/><W16/><G59/><T98/><D0/><U14/><E103/><V2/><F2/><W58/><G58/><T28/><D13/><U69/><E69/><V71/><F131/><W57/><G57/><T94/><D94/><U7/><E76/><V78/><F90/><W8/><G30/><T130/><D130/><U53/><E51/><V75/><REACH who="2" step="1"/><F54/><REACH who="2" ten="347,356,240,47" step="2"/><W34/><G34/><N who="1" m="12842" /><E26/><V128/><F128/><W11/><G11/><T18/><D104/><U47/><AGARI ba="0,1" hai="5,7,14,19,21,47,50,53" m="12842,46665" machi="47" ten="30,1100,0" yaku="13,1" doraHai="62" who="1" fromWho="1" sc="347,-3,356,21,240,-5,47,-3" /><INIT seed="3,0,0,5,1,6" ten="344,377,235,44" oya="3" hai0="132,48,20,91,111,65,32,51,45,94,15,5,104" hai1="18,9,41,119,105,42,73,118,62,84,74,30,36" hai2="123,29,34,23,59,101,114,83,128,100,68,134,13" hai3="82,78,52,64,38,106,116,31,37,110,55,121,103"/><W33/><G121/><T107/><D32/><U54/><E105/><V79/><F114/><W70/><G116/><N who="1" m="44586" /><E30/><V53/><F34/><W28/><G110/><T135/><D65/><U129/><E129/><V71/><F128/><W35/><G55/><T66/><D66/><U8/><E84/><V88/><F134/><N who="0" m="51242" /><D111/><U3/><E3/><V14/><F14/><W117/><G117/><T96/><D48/><U60/><E74/><V17/><F123/><W122/><G122/><T99/><D96/><U97/><E97/><V127/><F127/><W98/><G31/><T24/><D24/><U92/><E73/><V50/><F100/><W46/><G46/><T133/><N who="0" m="51250" /><T56/><DORA hai="44" /><D56/><N who="1" m="34839" /><E62/><V39/><F39/><W67/><G67/><T89/><D91/><U102/><E102/><V22/><F101/><W11/><G11/><N who="1" m="4170" /><E92/><V61/><F61/><W131/><G131/><T125/><D107/><U87/><E87/><V16/><F29/><W80/><G80/><T86/><D104/><U49/><E36/><V27/><REACH who="2" step="1"/><F88/><REACH who="2" ten="344,377,225,44" step="2"/><W12/><G33/><T47/><D89/><U120/><E120/><V76/><F76/><W115/><G115/><T90/><D90/><U109/><E109/><V0/><F0/><W63/><G12/><T1/><D1/><U7/><E7/><V77/><F77/><W108/><G108/><T21/><D5/><U25/><E49/><V112/><F112/><W113/><G113/><T126/><D15/><U124/><E124/><V69/><F69/><W57/><G78/><T58/><D126/><U40/><E25/><V10/><F10/><RYUUKYOKU ba="0,1" sc="344,-15,377,15,225,15,44,-15" hai1="18,40,41,42" hai2="13,16,17,22,23,27,50,53,59,68,71,79,83" /><INIT seed="4,1,1,3,4,122" ten="329,392,240,29" oya="0" hai0="125,10,48,102,45,54,15,12,41,91,46,89,103" hai1="106,31,123,71,25,130,133,82,5,78,77,57,33" hai2="115,124,76,94,126,43,62,64,30,6,47,85,18" hai3="58,2,53,79,86,67,56,65,9,3,90,39,119"/><T52/><D125/><U49/><E123/><V87/><F115/><W38/><G119/><T101/><D10/><U32/><E106/><V34/><F6/><W42/><G79/><T111/><D111/><U99/><E71/><V23/><F30/><W129/><G129/><T132/><D132/><U35/><E130/><V17/><F34/><W7/><G3/><T83/><D41/><U98/><E133/><V88/><F17/><W114/><G114/><T28/><D28/><U81/><E5/><V51/><F124/><W26/><G26/><T63/><D83/><U4/><E4/><V80/><F126/><W21/><G21/><T19/><D19/><U0/><E0/><V24/><F62/><W128/><G128/><T109/><D109/><U75/><E57/><V13/><REACH who="2" step="1"/><F64/><REACH who="2" ten="329,392,230,29" step="2"/><W36/><G42/><T108/><D108/><U120/><E120/><V134/><F134/><W1/><G1/><T97/><D63/><U11/><E11/><V61/><F61/><W100/><G53/><T121/><D121/><U110/><E110/><V14/><AGARI ba="1,2" hai="13,14,18,23,24,43,47,51,76,80,85,87,88,94" machi="14" ten="30,8000,1" yaku="1,1,0,1,8,1,54,1,53,1" doraHai="122" doraHaiUra="40" who="2" fromWho="2" sc="329,-41,392,-21,230,103,29,-21" /><INIT seed="5,0,0,3,2,32" ten="288,371,333,8" oya="1" hai0="104,31,14,52,24,64,45,25,2,12,76,17,135" hai1="88,131,48,21,82,9,123,74,38,126,95,90,133" hai2="66,37,60,26,49,0,134,94,36,119,69,109,34" hai3="53,117,92,56,112,47,20,11,77,75,3,107,106"/><U41/><E123/><V54/><F0/><W72/><G77/><T10/><D104/><U128/><E38/><V7/><F109/><W27/><G112/><T44/><D135/><U110/><E133/><V101/><F119/><W15/><G117/><T16/><D64/><U13/><E110/><V42/><F7/><W124/><G124/><T33/><D76/><U35/><E35/><V70/><F70/><W93/><G47/><T5/><D52/><U81/><E126/><V61/><F61/><W62/><G3/><T121/><D121/><U40/><E74/><V85/><F42/><W29/><G72/><T125/><D125/><U78/><E21/><V120/><F120/><W132/><G132/><T103/><D103/><U79/><E48/><V18/><F134/><W30/><G75/><T114/><D114/><U6/><E40/><V65/><F65/><W87/><G29/><N who="0" m="19623" /><D45/><U118/><E118/><V67/><F67/><W4/><G92/><T28/><D44/><U113/><E113/><V96/><F85/><W115/><G115/><T116/><D116/><U43/><E43/><V130/><F130/><N who="1" m="49705" /><E41/><V8/><F8/><W111/><G111/><T83/><D83/><N who="1" m="31755" /><E90/><V122/><F122/><W55/><G55/><T102/><D102/><U86/><AGARI ba="0,0" hai="6,9,13,78,79,86,88,95" m="31755,49705" machi="86" ten="30,3000,0" yaku="19,1,54,1" doraHai="32" who="1" fromWho="1" sc="288,-10,371,30,333,-10,8,-10" owari="278,-12,401,50,323,12,-2,-50" /></mjloggm>