<mjloggm ver="2.3"><GO type="9" lobby="0"/><UN n0="%E3%81%BE%E3%82%81%E3%81%94%E3%81%BE%E3%80%82" n1="%52%6F%62%6F%74%45%6C" n2="%E3%81%97%E3%82%8D%E3%82%82%E3%81%A4" n3="%E7%95%99%E8%90%8C" dan="8,10,9,11" rate="1384.20,1354.15,1235.57,1617.13" sx="F,M,M,F"/><TAIKYOKU oya="0"/><INIT seed="0,0,0,3,4,120" ten="250,250,250,250" oya="0" hai0="77,40,46,78,22,43,47,65,110,2,59,113,119" hai1="37,126,123,7,4,111,130,32,3,8,20,106,74" hai2="11,10,81,121,92,52,73,79,133,124,24,64,134" hai3="66,39,69,63,23,18,131,117,88,107,108,90,84"/><T27/><D113/><U17/><RYUUKYOKU type="yao9" ba="0,0" sc="250,0,250,0,250,0,250,0" hai1="3,4,7,8,17,20,32,37,74,106,111,123,126,130" /><INIT seed="0,1,0,3,0,22" ten="250,250,250,250" oya="0" hai0="68,1,87,81,27,29,118,32,126,54,44,38,52" hai1="16,19,82,99,59,47,25,113,120,91,30,46,0" hai2="11,26,122,104,75,107,60,58,131,45,110,17,130" hai3="4,71,80,12,123,23,93,65,53,115,76,83,48"/><T92/><D118/><U101/><E113/><V56/><F75/><W64/><G115/><T119/><D119/><U20/><E120/><V40/><F122/><W6/><G71/><T90/><D126/><U61/><E0/><V103/><F131/><W111/><G111/><T116/><D116/><U50/><E101/><V57/><F110/><W34/><G34/><T98/><D1/><U133/><E133/><V94/><F104/><W135/><G135/><T128/><D68/><U88/><E82/><V70/><F107/><W106/><G106/><T129/><D128/><U62/><E99/><V63/><F130/><W24/><G123/><T36/><D129/><U95/><E50/><V10/><F70/><W2/><G2/><T89/><D38/><U33/><E33/><V49/><F103/><W43/><G43/><T96/><REACH who="0" step="1"/><D96/><REACH who="0" ten="240,250,250,250" step="2"/><N who="1" m="57447" /><E91/><V15/><F10/><W117/><G117/><T114/><D114/><U127/><E127/><V102/><REACH who="2" step="1"/><F26/><REACH who="2" ten="240,250,240,250" step="2"/><W112/><G24/><T84/><D84/><U13/><E13/><V79/><F79/><W9/><G12/><T105/><D105/><U134/><E134/><V124/><F124/><W55/><G112/><T18/><D18/><N who="1" m="6699" /><E59/><V69/><F69/><W66/><G4/><T86/><D86/><U35/><E35/><V85/><F85/><W14/><G6/><T125/><D125/><U31/><E31/><V5/><F5/><W67/><G67/><T42/><AGARI ba="1,2" hai="27,29,32,36,42,44,52,54,81,87,89,90,92,98" machi="42" ten="30,11700,0" yaku="1,1,0,1,52,1,54,1,53,0" doraHai="22" doraHaiUra="132" who="0" fromWho="0" sc="240,140,250,-40,240,-40,250,-40" /><INIT seed="0,2,0,0,4,95" ten="380,210,200,210" oya="0" hai0="67,23,25,5,44,9,2,58,78,15,76,94,88" hai1="118,83,77,70,20,13,101,34,66,42,29,112,3" hai2="51,91,26,97,71,47,16,96,17,114,107,84,12" hai3="57,40,130,28,65,111,93,105,39,106,127,59,10"/><T132/><D132/><U24/><E118/><V103/><F71/><W99/><G111/><T133/><D2/><U75/><E112/><V36/><F114/><W41/><G28/><N who="0" m="17471" /><D94/><U134/><E134/><V121/><F36/><W117/><G117/><T33/><D133/><U6/><E13/><V31/><F121/><W87/><G130/><T38/><D38/><U18/><E20/><V4/><F96/><W49/><G127/><T115/><D115/><U46/><E18/><V68/><F17/><W56/><G39/><T110/><D110/><U104/><E42/><V128/><F68/><W86/><G10/><T7/><D33/><U124/><E124/><V98/><F128/><W27/><G27/><T73/><D73/><U89/><E89/><V64/><F103/><W32/><G32/><T79/><D44/><U52/><E52/><N who="2" m="29823" /><F64/><W122/><G122/><T116/><D116/><U62/><E46/><V22/><F107/><W30/><G30/><T125/><D88/><U11/><REACH who="1" step="1"/><E101/><REACH who="1" ten="380,200,200,210" step="2"/><V60/><F98/><W69/><G106/><AGARI ba="2,1" hai="3,6,11,24,29,34,62,66,70,75,77,83,104,106" machi="106" ten="40,8000,1" yaku="1,1,2,1,33,3,53,0" doraHai="95" doraHaiUra="14" who="1" fromWho="3" sc="380,0,200,96,200,0,210,-86" /><INIT seed="1,0,0,3,4,41" ten="380,296,200,124" oya="1" hai0="52,21,128,98,88,44,46,91,126,0,40,95,63" hai1="69,1,125,78,26,60,39,127,74,17,22,87,99" hai2="20,4,47,2,129,114,34,65,106,24,130,27,72" hai3="102,132,101,13,131,84,64,100,35,107,36,10,83"/><U76/><E1/><V135/><F65/><W61/><G35/><T18/><D128/><N who="2" m="49258" /><F72/><W50/><G36/><T80/><D126/><N who="1" m="48139" /><E39/><V43/><F106/><W19/><G132/><T89/><D0/><U67/><E74/><V96/><F96/><W3/><G3/><T14/><D80/><N who="1" m="47495" /><E78/><V32/><F20/><W15/><G131/><T57/><D40/><U85/><E85/><V11/><F24/><W109/><G109/><T30/><D30/><U28/><E99/><V79/><F27/><W105/><G50/><T133/><D133/><U104/><E104/><V77/><F135/><W53/><G53/><T118/><D118/><U112/><E112/><V56/><F79/><W73/><G73/><T45/><AGARI ba="0,0" hai="14,18,21,44,45,46,52,57,63,88,89,91,95,98" machi="45" ten="30,12000,2" yaku="0,1,8,1,52,3,54,2" doraHai="41" who="0" fromWho="0" sc="380,120,296,-60,200,-30,124,-30" /><INIT seed="2,0,0,4,0,95" ten="500,236,170,94" oya="2" hai0="81,58,129,30,110,132,5,34,41,19,96,122,52" hai1="103,111,67,70,88,97,135,94,127,133,49,99,38" hai2="128,10,86,60,31,80,32,105,24,22,87,63,126" hai3="1,130,66,75,119,93,74,83,40,134,112,69,78"/><V39/><F87/><W55/><G1/><T53/><D122/><U113/><E70/><V118/><F128/><W14/><G119/><T26/><D132/><N who="1" m="50763" /><E49/><V73/><F86/><W2/><G2/><T46/><D129/><U18/><E67/><V109/><F22/><W107/><G107/><T131/><D131/><U16/><E38/><V44/><F118/><W125/><G130/><T15/><D5/><U100/><E18/><V116/><F63/><W117/><G134/><T7/><D110/><U4/><E16/><V6/><F116/><W68/><G117/><T50/><D81/><U11/><E4/><V13/><F109/><W3/><G125/><T120/><D120/><U106/><E11/><V108/><F108/><W9/><G3/><T23/><D7/><U65/><E65/><V89/><F60/><W123/><G123/><T51/><D53/><U84/><E113/><V25/><F126/><W36/><G112/><T12/><D12/><U43/><E111/><V121/><F121/><W8/><G93/><T102/><D102/><N who="1" m="62799" /><E43/><V45/><F89/><W42/><G68/><T76/><D76/><U90/><E127/><V21/><F105/><W114/><G69/><T71/><D71/><U35/><E35/><V64/><F64/><W29/><G114/><T57/><D57/><U27/><E27/><V62/><F62/><W61/><G61/><T28/><D28/><U47/><E47/><V17/><REACH who="2" step="1"/><F39/><REACH who="2" ten="500,236,160,94" step="2"/><W82/><G36/><T0/><D0/><U54/><E54/><V98/><F98/><W85/><G66/><T101/><D101/><U79/><E79/><AGARI ba="0,1" hai="6,10,13,17,21,24,25,31,32,44,45,73,79,80" machi="79" ten="40,3900,0" yaku="1,1,6,1,53,0" doraHai="95" doraHaiUra="59" who="2" fromWho="1" sc="500,0,236,-39,160,49,94,0" /><INIT seed="2,1,0,2,2,2" ten="500,197,209,94" oya="2" hai0="81,110,100,51,18,1,83,125,84,116,50,58,78" hai1="101,128,130,5,71,74,135,15,49,37,76,63,69" hai2="16,46,36,3,42,80,27,120,54,59,70,103,75" hai3="129,40,111,9,93,19,108,29,72,107,77,6,91"/><V34/><F3/><W32/><G107/><T56/><D110/><N who="3" m="42025" /><G129/><N who="1" m="49770" /><E101/><V95/><F16/><W23/><G40/><T79/><D125/><U122/><E15/><V97/><F70/><N who="1" m="26633" /><E5/><V21/><F120/><W127/><G127/><T87/><D116/><U86/><E76/><V53/><F34/><W30/><G72/><T115/><D115/><U41/><E86/><V119/><F119/><W13/><G93/><T38/><D1/><U99/><E74/><V60/><F21/><W52/><G91/><T22/><D38/><U4/><E99/><V85/><F27/><N who="3" m="18495" /><G52/><T113/><D113/><U117/><E4/><V94/><F54/><W134/><G77/><T12/><D100/><U88/><E117/><V89/><REACH who="2" step="1"/><F80/><REACH who="2" ten="500,197,199,94" step="2"/><W64/><G134/><T11/><D22/><U7/><E135/><V82/><F82/><W25/><G64/><T126/><D126/><U8/><E122/><V62/><F62/><W96/><G96/><T17/><D17/><AGARI ba="1,1" hai="6,9,13,17,19,23,25,30" m="18495,42025" machi="17" ten="30,7700,0" yaku="14,1,34,2,52,1" doraHai="2" who="3" fromWho="0" sc="500,-80,197,0,199,0,94,90" /><INIT seed="3,0,0,1,1,99" ten="420,197,199,184" oya="3" hai0="111,44,40,1,120,128,75,72,42,13,125,59,17" hai1="65,21,37,5,95,119,38,78,28,43,61,56,89" hai2="116,16,109,98,100,6,92,97,36,64,83,60,81" hai3="115,130,8,104,103,30,25,35,123,74,90,76,134"/><W3/><G123/><T108/><D120/><U67/><E119/><V68/><F6/><W79/><G115/><T113/><D1/><U0/><E0/><V80/><F116/><W7/><G134/><T62/><D125/><U71/><E78/><V86/><F36/><W18/><G130/><T77/><D128/><U50/><E5/><V88/><F68/><W32/><G90/><T53/><D113/><U33/><E21/><V105/><F60/><W12/><G74/><T87/><D87/><U41/><E33/><V82/><F64/><N who="1" m="24649" /><E28/><V117/><F16/><W29/><G104/><T57/><D57/><U94/><E95/><V52/><F117/><W101/><G79/><T93/><D93/><U54/><E94/><V2/><F109/><N who="0" m="42058" /><D77/><U121/><E89/><V85/><F52/><W19/><G76/><T14/><D13/><U15/><E121/><V48/><F48/><W114/><G114/><T20/><D42/><N who="1" m="15883" /><E15/><V96/><REACH who="2" step="1"/><F2/><REACH who="2" ten="420,197,189,184" step="2"/><W91/><G3/><T10/><D10/><U22/><E22/><V55/><F55/><W133/><G133/><T107/><D107/><U27/><E27/><V118/><F118/><W131/><G131/><T124/><D124/><U39/><E71/><V23/><F23/><W31/><G25/><T126/><D126/><U129/><E129/><V106/><F106/><W110/><G110/><T58/><D58/><U34/><E34/><V132/><F132/><W11/><G11/><T63/><D63/><AGARI ba="0,1" hai="37,38,39,50,54,56,61,63" m="15883,24649" machi="63" ten="40,8000,1" yaku="35,5" doraHai="99" who="1" fromWho="0" sc="420,-80,197,90,189,0,184,0" /><INIT seed="4,0,0,4,3,2" ten="340,287,189,184" oya="0" hai0="14,16,131,1,28,54,37,34,106,76,83,113,17" hai1="132,105,112,47,107,22,85,25,97,48,51,81,78" hai2="102,27,119,74,38,6,10,125,111,21,31,98,118" hai3="124,52,104,92,115,11,110,0,99,65,133,134,69"/><T130/><D37/><U63/><E112/><V135/><F135/><N who="3" m="51723" /><G110/><T117/><D117/><N who="2" m="44554" /><F74/><W77/><G104/><T68/><D113/><U62/><E132/><V45/><F111/><W101/><G115/><T116/><D116/><U7/><E7/><V86/><F125/><W19/><G124/><T84/><D106/><U3/><E3/><N who="2" m="351" /><F86/><W96/><G77/><T114/><D114/><U42/><E107/><N who="2" m="63959" /><F38/><W120/><G120/><T4/><D68/><U5/><E105/><V60/><F45/><W55/><G96/><T15/><D54/><U41/><E97/><V88/><F60/><N who="1" m="23081" /><E5/><V44/><F44/><W12/><G0/><T9/><D130/><U127/><E127/><V103/><F103/><W36/><G36/><T89/><D131/><U109/><E109/><V29/><F29/><W24/><G24/><T73/><D73/><U67/><E67/><V91/><AGARI ba="0,0" hai="21,27,31,88,91" m="63959,351,44554" machi="91" ten="30,4000,0" yaku="12,1,52,1,54,1" doraHai="2" who="2" fromWho="2" sc="340,-20,287,-10,189,40,184,-10" /><INIT seed="5,0,0,4,1,130" ten="320,277,229,174" oya="1" hai0="37,80,71,69,86,29,88,115,70,99,19,112,11" hai1="21,111,133,7,94,135,134,59,97,32,34,39,44" hai2="83,49,75,91,50,85,51,108,62,22,66,27,79" hai3="76,30,106,96,127,5,129,98,102,63,118,64,124"/><U74/><E74/><V120/><F108/><W105/><G129/><T60/><D37/><U48/><E7/><V73/><F120/><W15/><G118/><T107/><D29/><U17/><E21/><V35/><F35/><N who="1" m="13353" /><E17/><V116/><F116/><W82/><G30/><T54/><D107/><U128/><E128/><V117/><F117/><W26/><G26/><T56/><D99/><U114/><E39/><V41/><F41/><W87/><G15/><T103/><REACH who="0" step="1"/><D103/><REACH who="0" ten="310,277,229,174" step="2"/><N who="1" m="60855" /><E114/><V57/><REACH who="2" step="1"/><F91/><REACH who="2" ten="310,277,219,174" step="2"/><W47/><G127/><T0/><D0/><U36/><E111/><V77/><F77/><W43/><G124/><T12/><AGARI ba="0,2" hai="11,12,19,54,56,60,69,70,71,80,86,88,112,115" machi="12" ten="40,8000,1" yaku="1,1,0,1,54,1,53,2" doraHai="130" doraHaiUra="110" who="0" fromWho="0" sc="310,100,277,-40,219,-20,174,-20" /><INIT seed="6,0,0,4,3,105" ten="410,237,199,154" oya="2" hai0="109,89,21,85,8,78,30,13,117,102,32,129,91" hai1="61,1,20,93,63,70,40,115,132,55,73,37,116" hai2="18,47,134,33,50,135,80,42,79,108,77,28,64" hai3="0,118,114,94,92,57,24,126,110,59,82,5,107"/><V19/><F108/><W90/><G110/><T45/><D109/><U81/><E115/><V23/><F64/><W119/><G107/><T27/><D129/><U128/><E116/><V2/><F33/><W66/><G119/><T35/><D117/><U60/><E128/><V106/><F106/><W11/><G118/><T87/><D32/><U96/><E132/><N who="2" m="50731" /><F2/><W127/><G114/><T133/><D133/><U52/><E70/><V103/><F103/><W49/><G24/><T67/><D102/><U72/><E37/><V68/><F68/><W112/><G112/><T99/><D99/><U17/><E40/><V100/><F100/><W62/><G82/><T9/><D67/><U120/><E1/><V69/><F69/><W15/><G0/><T71/><D71/><U54/><E120/><V104/><F104/><W3/><G3/><T111/><D111/><U97/><E81/><V101/><F101/><W98/><REACH who="3" step="1"/><G94/><REACH who="3" ten="410,237,199,144" step="2"/><T22/><D35/><U130/><E130/><V44/><F28/><W125/><G125/><T39/><D39/><U48/><E93/><V26/><F18/><W84/><G84/><N who="0" m="32331" /><D78/><N who="2" m="29706" /><F80/><W75/><G75/><N who="1" m="28746" /><E17/><V46/><AGARI ba="0,1" hai="19,23,26,42,44,46,47,50" m="29706,50731" machi="46" ten="30,1500,0" yaku="20,1" doraHai="105" who="2" fromWho="2" sc="410,-5,237,-5,199,25,144,-5" /><INIT seed="6,1,0,1,4,105" ten="405,232,224,139" oya="2" hai0="115,6,64,125,11,71,55,113,118,27,89,12,57" hai1="38,26,129,130,87,63,45,44,121,88,117,133,65" hai2="108,16,34,78,49,112,31,28,41,110,24,21,29" hai3="62,32,82,111,91,20,104,4,54,40,68,1,36"/><V90/><F41/><W106/><G111/><N who="2" m="42537" /><F78/><W73/><G32/><T101/><D118/><U128/><E26/><N who="2" m="18711" /><F90/><W99/><G20/><T66/><D125/><U94/><E117/><V134/><F49/><W69/><G73/><T85/><D101/><U60/><E121/><V80/><F80/><W3/><G36/><T42/><D27/><U74/><E74/><V5/><F5/><W48/><G40/><T126/><D42/><U123/><E123/><V33/><F134/><W100/><G104/><T132/><D132/><U15/><E133/><V59/><F59/><W14/><G69/><T102/><D126/><U119/><E119/><V97/><F97/><W107/><G107/><T52/><D102/><U72/><E15/><N who="2" m="9375" /><F31/><W116/><G116/><T2/><D2/><U131/><N who="1" m="33280" /><DORA hai="50" /><U47/><E72/><V109/><N who="2" m="42545" /><V83/><DORA hai="53" /><F83/><W95/><G68/><T124/><D124/><U51/><E38/><V98/><F98/><W8/><G62/><T77/><D77/><U39/><E39/><V127/><F127/><W76/><G76/><T96/><D71/><U122/><E122/><V17/><F17/><W46/><REACH who="3" step="1"/><G82/><REACH who="3" ten="405,232,224,129" step="2"/><T19/><D96/><AGARI ba="1,1" hai="1,3,4,8,14,46,48,54,91,95,96,99,100,106" machi="96" ten="30,7700,0" yaku="1,1,2,1,7,1,52,1,53,0" doraHai="105,50,53" doraHaiUra="61,13,37" who="3" fromWho="0" sc="405,-80,232,0,224,0,129,90" /><INIT seed="7,0,0,3,1,27" ten="325,232,224,219" oya="3" hai0="5,68,111,61,105,35,134,50,0,112,16,82,2" hai1="116,41,33,31,93,19,113,8,11,125,94,92,49" hai2="53,63,75,80,118,91,65,123,133,126,23,98,6" hai3="34,57,79,47,103,130,87,56,9,114,71,74,100"/><W89/><G71/><T22/><D111/><U42/><E116/><V40/><F118/><W122/><G122/><T81/><D112/><U72/><E113/><V128/><F123/><W48/><G114/><T108/><D108/><U107/><E125/><V115/><F115/><W4/><G34/><T24/><D35/><U106/><E72/><V54/><F126/><W83/><G130/><T18/><D134/><U51/><E33/><V131/><F133/><W52/><G100/><T85/><D105/><U55/><E31/><V20/><F40/><W44/><G103/><T7/><D50/><U70/><E19/><V45/><F98/><W64/><G64/><T117/><D117/><U132/><E132/><V95/><F6/><W121/><G121/><T73/><D73/><U29/><E70/><V36/><F80/><W67/><G67/><T10/><D18/><U59/><E93/><V102/><F102/><W119/><G119/><T13/><D13/><U78/><E78/><V88/><F95/><W99/><G99/><T90/><D82/><U43/><E29/><V77/><F77/><W14/><REACH who="3" step="1"/><G57/><REACH who="3" ten="325,232,224,209" step="2"/><T21/><D68/><U12/><E12/><V46/><F54/><W109/><G109/><T124/><D124/><U62/><E94/><AGARI ba="0,1" hai="4,9,14,44,47,48,52,56,74,79,83,87,89,94" machi="94" ten="30,5800,0" yaku="1,1,7,1,54,1,53,0" doraHai="27" doraHaiUra="97" who="3" fromWho="1" sc="325,0,232,-58,224,0,209,68" /><INIT seed="7,1,0,0,5,100" ten="325,174,224,277" oya="3" hai0="0,121,118,24,93,77,81,132,54,86,42,25,35" hai1="31,73,98,38,116,48,108,79,14,49,50,87,3" hai2="103,53,33,46,51,30,62,28,89,17,4,20,71" hai3="70,111,74,90,45,76,82,95,68,18,10,5,63"/><W22/><G111/><T32/><D118/><U26/><E108/><V66/><F4/><W58/><G45/><T114/><D121/><U47/><E116/><V56/><F103/><W133/><G133/><T102/><D0/><U85/><E3/><V117/><F117/><W34/><G34/><T36/><D132/><U37/><E73/><V29/><F29/><W2/><G70/><T129/><D129/><U105/><E14/><V15/><F89/><W27/><G68/><T40/><D114/><U92/><E79/><V1/><F1/><W19/><G63/><T120/><D120/><U57/><E57/><V67/><F30/><W124/><G124/><T13/><D13/><U61/><E61/><V21/><F33/><W126/><G126/><T109/><D109/><U41/><E38/><V12/><F28/><W80/><G58/><T84/><D36/><U72/><E72/><V128/><F20/><W7/><G7/><T44/><D35/><U16/><E31/><V125/><F12/><W52/><G52/><T134/><D32/><U106/><E92/><V39/><F125/><W96/><REACH who="3" step="1"/><G82/><REACH who="3" ten="325,174,224,267" step="2"/><N who="0" m="47183" /><D134/><U101/><REACH who="1" step="1"/><E106/><REACH who="1" ten="325,164,224,267" step="2"/><V107/><F107/><W130/><G130/><T113/><D113/><U94/><E94/><V6/><F128/><W8/><G8/><T112/><D112/><U115/><E115/><V78/><F78/><W123/><G123/><T119/><D119/><U9/><E9/><V11/><F39/><W91/><G91/><N who="0" m="51663" /><D93/><U104/><E104/><V59/><F6/><W97/><G97/><T75/><D75/><U64/><E64/><V55/><F11/><RYUUKYOKU ba="1,2" sc="325,-15,164,15,224,-15,267,15" hai1="16,26,37,41,47,48,49,50,85,87,98,101,105" hai3="2,5,10,18,19,22,27,74,76,80,90,95,96" /><INIT seed="7,2,2,5,5,104" ten="310,179,209,282" oya="3" hai0="124,71,58,11,101,54,72,135,75,66,29,16,121" hai1="98,78,120,63,19,31,23,109,102,126,10,79,7" hai2="68,112,22,4,70,37,48,52,6,17,42,88,107" hai3="86,125,82,90,32,81,62,3,40,9,69,12,14"/><W89/><G32/><T26/><D121/><U44/><E120/><V24/><F107/><W117/><G117/><T25/><D101/><U76/><E109/><V41/><F112/><W87/><G125/><T97/><D124/><U84/><E126/><V50/><F70/><W113/><G113/><T129/><D97/><U127/><E127/><V36/><F68/><W99/><G40/><T51/><D29/><U39/><E31/><V116/><F116/><W115/><G115/><T60/><D129/><U106/><E63/><V114/><F37/><W55/><G99/><T33/><D135/><U83/><E39/><V5/><F36/><W111/><G111/><T128/><D128/><U85/><E44/><V123/><F123/><W73/><G73/><T27/><REACH who="0" step="1"/><D33/><REACH who="0" ten="300,179,209,282" step="2"/><U35/><E35/><V100/><F114/><W119/><G119/><T110/><D110/><U74/><E7/><V30/><F100/><W64/><REACH who="3" step="1"/><G55/><REACH who="3" ten="300,179,209,272" step="2"/><T47/><D47/><U43/><E10/><V130/><F130/><W95/><G95/><T56/><D56/><U21/><E43/><V0/><F41/><W28/><G28/><T94/><D94/><U122/><E122/><V45/><F30/><W46/><G46/><T131/><D131/><U53/><E53/><V65/><F0/><W133/><G133/><T92/><D92/><U20/><REACH who="1" step="1"/><E19/><REACH who="1" ten="300,169,209,272" step="2"/><V2/><F2/><W67/><G67/><T59/><D59/><U134/><E134/><V57/><F65/><W77/><G77/><AGARI ba="2,5" hai="20,21,23,74,76,77,78,79,83,84,85,98,102,106" machi="77" ten="40,5200,0" yaku="1,1,52,1,53,1" doraHai="104" doraHaiUra="105" who="1" fromWho="3" sc="300,0,169,108,209,0,272,-58" owari="300,40,277,8,209,-29,214,-19" /></mjloggm>