<mjloggm ver="2.3"><GO type="137" lobby="0"/><UN n0="%E3%83%9D%E3%83%A0%E3%83%97%E3%83%AA%E3%83%B3" n1="%E7%95%99%E8%90%8C" n2="%E9%BE%8D%E5%B9%B3" n3="%66%75%6A%69%34%34%35" dan="12,12,10,12" rate="1661.80,1625.94,1727.57,1693.80" sx="F,F,M,M"/><TAIKYOKU oya="0"/><INIT seed="0,0,0,0,1,35" ten="250,250,250,250" oya="0" hai0="110,131,129,88,76,45,103,116,10,117,23,119,54" hai1="58,85,93,102,38,80,14,52,57,90,83,24,59" hai2="12,115,122,39,130,132,107,13,53,21,101,51,55" hai3="86,65,34,47,22,111,118,9,16,25,63,109,71"/><T134/><D76/><U49/><E38/><V112/><F39/><W89/><G118/><T99/><D134/><U92/><E24/><V2/><F21/><W73/><G73/><T77/><D77/><U124/><E124/><V104/><F13/><W95/><G34/><T41/><D10/><U42/><E14/><V61/><F51/><W18/><G47/><T33/><D110/><N who="3" m="41993" /><G9/><T82/><D23/><U62/><E42/><V64/><F61/><W6/><G6/><T133/><D54/><U43/><E43/><V125/><F64/><W96/><G96/><T26/><D133/><U66/><E58/><V97/><F132/><W0/><G18/><T127/><D127/><U87/><REACH who="1" step="1"/><E102/><REACH who="1" ten="250,240,250,250" step="2"/><V75/><F101/><W100/><G100/><T68/><D103/><U20/><E20/><V108/><F12/><W106/><G106/><T27/><D68/><U135/><E135/><V105/><F104/><W114/><G114/><T5/><D116/><U84/><E84/><V8/><F105/><W31/><G31/><T67/><D26/><U1/><E1/><AGARI ba="0,1" hai="0,1,16,22,25,63,65,71,86,89,95" m="41993" machi="1" ten="30,7700,0" yaku="14,1,52,2,54,1" doraHai="35" who="3" fromWho="1" sc="250,0,240,-77,250,0,250,87" /><INIT seed="1,0,0,4,4,87" ten="250,163,250,337" oya="1" hai0="29,119,70,47,84,124,121,16,56,62,117,81,71" hai1="97,26,0,38,103,120,111,100,92,116,80,78,126" hai2="122,63,12,110,127,93,40,27,114,49,105,85,31" hai3="17,91,132,43,86,46,7,4,51,24,128,1,21"/><U75/><E116/><V82/><F105/><W5/><G132/><T36/><D121/><U109/><E120/><V42/><F110/><N who="1" m="41993" /><E0/><V106/><F106/><W13/><G128/><T50/><D36/><U9/><E38/><V90/><F122/><W79/><G1/><T6/><D124/><U3/><E26/><V115/><F127/><W94/><REACH who="3" step="1"/><G79/><REACH who="3" ten="250,163,250,327" step="2"/><T41/><D119/><U14/><E3/><V104/><F114/><W10/><AGARI ba="0,1" hai="4,5,7,10,13,17,21,24,43,46,51,86,91,94" machi="10" ten="30,8000,1" yaku="1,1,2,1,0,1,8,1,52,1,53,0" doraHai="87" doraHaiUra="112" who="3" fromWho="3" sc="250,-20,163,-40,250,-20,327,90" /><INIT seed="2,0,0,0,0,21" ten="230,123,230,417" oya="2" hai0="69,116,42,65,52,86,45,35,92,113,49,85,83" hai1="4,126,107,91,100,80,25,117,110,108,29,40,70" hai2="135,61,37,77,131,81,57,112,134,6,74,82,84" hai3="90,24,16,33,55,46,98,5,8,20,13,127,97"/><V109/><F112/><W130/><G130/><T120/><D35/><U7/><E117/><V41/><F131/><W36/><G127/><T72/><D113/><U104/><E70/><V14/><F109/><N who="1" m="42089" /><E126/><V27/><F37/><W89/><G36/><T15/><D120/><U87/><E40/><V3/><F3/><W26/><G33/><T32/><D72/><U114/><E114/><V93/><F41/><W105/><G105/><N who="1" m="40522" /><E100/><V125/><F125/><W0/><G0/><T43/><D32/><AGARI ba="0,0" hai="4,7,25,29,32,80,87,91" m="40522,42089" machi="32" ten="30,2000,0" yaku="14,1,52,1" doraHai="21" who="1" fromWho="0" sc="230,-20,123,20,230,0,417,0" /><INIT seed="3,0,0,2,3,29" ten="210,143,230,417" oya="3" hai0="45,89,65,47,117,73,108,135,106,69,15,2,51" hai1="19,43,80,12,6,103,30,85,39,16,125,86,100" hai2="20,97,131,35,124,61,32,66,120,62,122,67,133" hai3="128,129,109,72,42,33,111,14,36,102,0,77,37"/><W8/><G102/><N who="1" m="38954" /><E125/><V68/><F124/><W53/><G0/><T21/><D106/><U132/><E39/><V54/><F133/><W126/><G126/><T1/><D117/><U18/><E132/><V121/><F131/><N who="3" m="50251" /><G42/><T116/><D108/><N who="3" m="41545" /><G53/><T5/><D116/><U105/><E43/><V52/><F97/><W25/><G77/><T115/><D115/><U34/><E105/><V24/><F54/><W10/><G72/><T113/><D73/><U64/><E34/><V38/><F52/><W96/><G96/><T60/><D113/><U92/><E64/><V59/><REACH who="2" step="1"/><F38/><REACH who="2" ten="210,143,220,417" step="2"/><W87/><G37/><T84/><D135/><U27/><E6/><V101/><F101/><W74/><G36/><T123/><D5/><U75/><E75/><V46/><F46/><W93/><G74/><T40/><D47/><U88/><E30/><AGARI ba="0,1" hai="20,24,30,32,35,59,61,62,66,67,68,120,121,122" machi="30" ten="40,8000,1" yaku="1,1,13,1,52,2,53,0" doraHai="29" doraHaiUra="114" who="2" fromWho="1" sc="210,0,143,-80,220,90,417,0" /><INIT seed="4,0,0,3,5,25" ten="210,63,310,417" oya="0" hai0="34,52,72,35,116,131,18,103,5,88,58,86,1" hai1="33,46,66,85,47,26,40,82,111,3,17,107,98" hai2="117,119,21,101,129,59,64,94,83,12,45,70,48" hai3="60,55,130,121,57,15,91,95,37,118,114,43,81"/><T50/><D116/><U90/><E3/><V10/><F70/><W99/><G118/><T23/><D72/><U51/><E66/><V106/><F106/><W87/><G121/><T112/><D112/><U105/><E111/><V7/><F129/><W110/><G110/><T84/><D131/><U115/><E115/><V104/><F104/><W132/><G130/><T74/><D74/><U22/><E33/><V39/><F39/><W20/><G114/><T38/><D38/><U135/><E135/><V13/><F13/><W65/><G132/><T53/><D103/><U93/><REACH who="1" step="1"/><E47/><REACH who="1" ten="210,53,310,417" step="2"/><V78/><F64/><W120/><G120/><T128/><D128/><U80/><E80/><V16/><F83/><W123/><G123/><T36/><D35/><U127/><E127/><V134/><F134/><W42/><G37/><T54/><D34/><U133/><E133/><V0/><F0/><W126/><G126/><T30/><D36/><U124/><E124/><V71/><F71/><W102/><G65/><T109/><D109/><U77/><AGARI ba="0,1" hai="17,22,26,40,46,51,77,82,85,90,93,98,105,107" machi="77" ten="20,2700,0" yaku="1,1,0,1,7,1,53,0" doraHai="25" doraHaiUra="8" who="1" fromWho="1" sc="210,-13,53,37,310,-7,417,-7" /><INIT seed="5,0,0,1,1,26" ten="197,90,303,410" oya="1" hai0="25,22,128,46,102,50,34,28,118,122,75,83,61" hai1="106,66,41,13,3,56,24,111,132,64,96,89,93" hai2="18,115,52,67,45,107,101,36,21,68,103,23,100" hai3="30,116,133,97,49,105,112,131,27,20,62,5,14"/><U65/><E3/><V130/><F130/><W2/><G131/><T72/><D118/><U63/><E106/><V73/><F73/><W92/><G116/><T35/><D122/><U12/><E111/><V135/><F135/><W121/><G121/><T81/><D128/><U91/><E132/><V54/><F107/><W40/><G133/><T80/><D102/><N who="1" m="60687" /><E41/><V15/><F115/><W86/><G105/><T17/><D61/><N who="1" m="37927" /><E24/><V108/><F108/><W114/><G2/><T127/><D127/><U37/><E37/><V44/><F68/><W32/><G86/><T104/><D104/><U0/><E0/><V120/><F120/><W1/><G62/><T98/><D98/><U69/><E69/><V55/><F67/><N who="1" m="25609" /><E63/><V95/><F36/><W125/><G125/><T76/><D76/><U53/><E53/><V47/><REACH who="2" step="1"/><F23/><REACH who="2" ten="197,90,293,410" step="2"/><W109/><G109/><T87/><D75/><U113/><E113/><V19/><F19/><W38/><G38/><T82/><D72/><U9/><E12/><V123/><F123/><W134/><G134/><T88/><REACH who="0" step="1"/><D17/><AGARI ba="0,1" hai="9,13,17,89,91" m="25609,37927,60687" machi="17" ten="30,1500,0" yaku="8,1" doraHai="26" who="1" fromWho="0" sc="197,-15,90,25,293,0,410,0" /><INIT seed="5,1,0,0,5,87" ten="182,115,293,410" oya="1" hai0="11,22,134,27,20,52,13,23,133,117,69,63,51" hai1="7,84,47,48,112,81,114,103,130,5,1,80,116" hai2="135,21,26,79,42,28,75,95,56,65,113,132,67" hai3="6,38,104,44,73,105,101,14,34,119,43,41,98"/><U46/><E116/><V115/><F42/><W126/><G119/><T59/><D117/><U17/><E103/><V76/><F75/><W40/><G105/><T50/><D69/><U128/><E1/><V19/><F19/><W0/><G126/><T32/><D32/><U99/><E99/><V108/><F108/><W125/><G125/><T60/><D133/><N who="2" m="51274" /><F56/><W36/><G14/><T71/><D71/><U25/><E25/><V37/><F37/><W127/><G127/><T49/><D134/><U29/><E29/><V94/><F67/><W10/><G43/><T74/><D74/><U35/><E35/><V77/><F28/><W121/><G121/><T83/><D83/><N who="1" m="31819" /><E17/><N who="2" m="12591" /><F65/><W100/><G100/><T124/><D27/><U78/><E84/><V4/><F4/><N who="1" m="1609" /><E78/><V120/><F120/><W123/><G123/><T122/><D122/><U9/><E9/><V2/><F2/><W33/><G73/><T24/><D24/><U54/><E46/><AGARI ba="1,0" hai="0,6,10,33,34,36,38,40,41,44,46,98,101,104" machi="46" ten="40,8000,1" yaku="9,1,33,3" doraHai="87" who="3" fromWho="1" sc="182,0,115,-83,293,0,410,83" /><INIT seed="6,0,0,1,1,34" ten="182,32,293,493" oya="2" hai0="39,54,64,59,71,83,26,15,62,49,51,85,103" hai1="135,28,110,81,106,123,118,21,100,104,40,134,73" hai2="38,29,130,94,2,92,108,111,86,119,113,69,93" hai3="89,74,65,18,10,77,14,91,17,124,76,122,115"/><V102/><F38/><W6/><G122/><T97/><D39/><U126/><E118/><V109/><F69/><W23/><G124/><T125/><D15/><U87/><E110/><V133/><F29/><W95/><G65/><T132/><D26/><U19/><E126/><V114/><F2/><W30/><G115/><N who="2" m="44041" /><F119/><W1/><G74/><T27/><D27/><U88/><E123/><V25/><F25/><W99/><G18/><T61/><D132/><N who="1" m="50731" /><E40/><V66/><F66/><W107/><G107/><N who="1" m="41002" /><E100/><V8/><F8/><W43/><G43/><T3/><D3/><U32/><E73/><V72/><F133/><W11/><G30/><T16/><D16/><U44/><E44/><V33/><F33/><W131/><G131/><T67/><D125/><U112/><E112/><V98/><F72/><W12/><G91/><T45/><D45/><U129/><E129/><V96/><F130/><W127/><G127/><T36/><D36/><U9/><E9/><V120/><F120/><W63/><G63/><T78/><D67/><U128/><E128/><V4/><F4/><W55/><G55/><T70/><D70/><U35/><E28/><V24/><F24/><AGARI ba="0,0" hai="19,21,24,32,35,81,87,88" m="41002,50731" machi="24" ten="30,2000,0" yaku="20,1,54,1" doraHai="34" who="1" fromWho="2" sc="182,0,32,20,293,-20,493,0" /><INIT seed="7,0,0,0,1,60" ten="182,52,273,493" oya="3" hai0="34,135,72,117,50,65,95,35,0,85,119,6,14" hai1="120,111,18,9,121,73,11,33,2,54,46,78,70" hai2="90,93,66,116,39,134,88,74,110,43,122,17,57" hai3="79,101,47,48,124,89,83,10,49,80,27,23,100"/><W103/><G124/><T24/><D0/><U63/><E33/><V41/><F110/><W64/><G64/><T94/><D72/><U84/><E111/><V76/><F134/><W29/><G10/><T91/><D135/><U61/><E73/><V8/><F116/><W107/><G107/><T97/><D35/><U42/><E70/><V106/><F106/><W129/><G129/><T44/><D65/><U21/><E2/><V75/><F39/><W108/><G108/><T62/><D62/><U40/><E121/><V32/><F32/><W1/><G1/><T38/><D38/><U30/><E120/><V104/><F104/><W112/><G112/><T26/><D34/><U59/><E30/><V109/><F66/><W98/><G49/><T56/><D56/><U12/><E84/><V22/><F57/><W77/><G98/><T69/><D69/><U68/><E78/><N who="3" m="29706" /><G89/><N who="0" m="55503" /><D119/><U133/><E133/><V81/><F75/><W36/><G36/><T92/><D92/><U105/><E105/><V102/><F109/><W15/><G15/><T28/><D28/><U31/><E31/><V3/><F122/><W126/><G126/><T82/><D117/><U131/><E131/><V99/><F3/><W53/><AGARI ba="0,0" hai="23,27,29,47,48,53,80,83,100,101,103" m="29706" machi="53" ten="30,1500,0" yaku="8,1" doraHai="60" who="3" fromWho="3" sc="182,-5,52,-5,273,-5,493,15" owari="177,-22,47,-45,268,7,508,60" /></mjloggm>