<mjloggm ver="2.3"><GO type="137" lobby="0"/><UN n0="%41%74%68%72%75%6E" n1="%E7%95%99%E8%90%8C" n2="%32%73%74%65%61%6C" n3="%66%61%74%62%6F%79" dan="12,12,12,11" rate="1750.59,1615.15,1607.60,1562.16" sx="M,F,M,M"/><TAIKYOKU oya="0"/><INIT seed="0,0,0,4,5,3" ten="250,250,250,250" oya="0" hai0="78,25,118,69,81,71,94,104,19,100,15,70,119" hai1="75,39,36,116,106,95,35,77,98,68,52,41,45" hai2="14,40,85,67,82,111,50,56,120,93,63,42,20" hai3="13,61,131,31,53,51,121,114,11,133,109,99,2"/><T21/><D104/><U7/><E106/><V102/><F120/><W59/><G114/><T65/><D119/><U6/><E116/><V48/><F111/><W12/><G133/><T55/><D118/><U49/><E35/><V126/><F126/><W10/><G131/><T17/><D65/><U84/><E68/><V74/><F74/><W37/><G37/><T33/><D33/><U132/><E132/><V130/><F130/><W54/><G2/><T110/><D110/><U86/><E75/><V64/><F20/><W16/><G109/><T122/><D122/><U79/><E36/><V87/><F14/><W30/><G99/><T90/><D100/><U38/><E38/><V105/><F105/><W124/><G124/><T34/><D34/><U57/><E77/><N who="2" m="46287" /><F67/><W60/><G121/><T91/><D55/><U9/><E9/><V32/><F32/><W129/><G129/><T127/><D127/><U1/><E1/><V123/><F123/><W47/><REACH who="3" step="1"/><G61/><REACH who="3" ten="250,250,250,240" step="2"/><T92/><D69/><U83/><REACH who="1" step="1"/><E84/><REACH who="1" ten="250,240,250,240" step="2"/><V58/><F87/><W23/><G23/><T80/><D21/><U108/><E108/><V73/><F73/><W96/><G96/><T0/><D0/><U8/><E8/><V29/><F63/><W66/><G66/><T26/><D78/><U43/><E43/><V18/><F64/><W115/><G115/><T4/><D15/><U97/><E97/><V107/><F42/><W125/><G125/><T113/><D113/><U76/><E76/><V112/><F40/><W135/><G135/><T46/><D46/><U28/><E28/><V134/><F29/><RYUUKYOKU ba="0,2" sc="250,10,240,10,250,-30,240,10" hai0="4,17,19,25,26,70,71,80,81,90,91,92,94" hai1="6,7,39,41,45,49,52,57,79,83,86,95,98" hai3="10,11,12,13,16,30,31,47,51,53,54,59,60" /><INIT seed="0,1,2,0,4,65" ten="260,250,220,250" oya="0" hai0="11,0,91,5,21,129,99,71,132,61,14,101,37" hai1="86,89,115,119,9,17,41,85,98,107,49,102,53" hai2="33,8,67,112,47,57,73,121,51,104,59,83,69" hai3="39,13,22,54,4,23,72,56,30,77,68,52,60"/><T133/><D37/><U58/><E119/><V45/><F112/><W42/><G68/><T111/><D91/><U50/><E115/><V64/><F104/><W34/><G54/><T114/><D114/><U117/><E117/><V109/><F33/><W74/><G77/><T36/><D36/><U128/><E128/><V62/><F73/><W28/><G34/><T100/><D129/><U24/><E24/><V116/><F83/><W55/><G42/><T82/><D82/><U25/><E25/><V93/><F93/><W27/><G39/><T87/><D87/><U70/><E70/><N who="2" m="42263" /><F8/><W118/><G118/><T7/><D7/><U3/><E3/><V1/><F1/><W79/><G79/><T124/><D124/><U63/><E41/><V40/><F116/><W80/><G72/><T26/><D111/><U6/><E17/><V110/><F121/><W122/><G74/><T66/><D0/><U48/><REACH who="1" step="1"/><E89/><REACH who="1" ten="260,240,220,250" step="2"/><V113/><F113/><W88/><G122/><T90/><D90/><U103/><E103/><V44/><F69/><W130/><G130/><T120/><D120/><U46/><E46/><N who="2" m="18027" /><F67/><N who="3" m="39303" /><G13/><T29/><D101/><U96/><E96/><V38/><F38/><W108/><G4/><T94/><AGARI ba="1,3" hai="5,11,14,21,26,29,61,66,71,94,99,100,132,133" machi="94" ten="30,3000,0" yaku="0,1,52,1" doraHai="65" who="0" fromWho="0" sc="260,63,240,-11,220,-11,250,-11" /><INIT seed="0,2,0,1,0,16" ten="323,229,209,239" oya="0" hai0="22,70,114,100,28,30,76,34,50,112,5,105,27" hai1="129,51,121,7,37,40,96,92,111,45,102,2,106" hai2="126,110,75,122,21,66,49,4,120,62,98,89,90" hai3="104,81,101,72,99,116,43,26,1,20,8,10,17"/><T64/><D76/><U36/><E121/><V128/><F75/><W68/><G68/><T41/><D5/><U85/><E129/><V19/><F4/><W57/><G116/><T77/><D77/><U125/><E111/><V118/><F128/><W9/><G43/><T39/><D50/><U56/><E125/><V124/><F110/><W135/><G135/><T86/><D86/><U3/><E7/><V60/><F118/><W130/><G130/><T107/><D30/><U94/><E56/><V6/><F6/><W117/><G57/><T84/><D84/><U63/><E63/><V65/><F49/><W67/><G67/><N who="2" m="25609" /><F98/><W133/><G133/><T53/><D53/><U58/><E58/><V31/><F31/><W38/><G38/><T103/><D39/><U33/><E33/><V0/><F0/><W69/><G69/><T109/><D109/><U95/><E85/><V11/><F11/><W15/><G117/><T35/><D41/><U88/><E2/><V25/><F122/><W44/><G44/><T97/><D114/><U113/><E113/><V71/><F71/><W91/><G1/><T83/><D83/><U87/><REACH who="1" step="1"/><E3/><REACH who="1" ten="323,219,209,239" step="2"/><V54/><F120/><W47/><G47/><T119/><D112/><U18/><E18/><V42/><F19/><W61/><G61/><T14/><D119/><U115/><E115/><V12/><F62/><W123/><G123/><T82/><D70/><U134/><E134/><V79/><F60/><W93/><G72/><T29/><D64/><U23/><E23/><V132/><F21/><W13/><G104/><T55/><D107/><RYUUKYOKU ba="2,1" sc="323,-15,219,15,209,-15,239,15" hai1="36,37,40,45,51,87,88,92,94,95,96,102,106" hai3="8,9,10,13,15,17,20,26,81,91,93,99,101" /><INIT seed="1,3,1,4,0,0" ten="308,234,194,254" oya="1" hai0="10,78,11,40,47,4,83,101,28,61,49,55,27" hai1="129,22,127,54,122,65,99,30,112,75,42,115,67" hai2="114,111,46,53,33,62,118,6,58,121,31,125,26" hai3="35,59,113,56,39,86,82,9,29,85,116,108,37"/><U106/><E75/><V13/><F118/><W52/><G113/><T80/><D101/><U21/><E115/><V135/><F121/><W110/><G116/><T88/><D88/><U23/><E112/><V24/><F114/><W87/><G29/><T102/><D102/><U76/><E122/><V96/><F111/><N who="3" m="42539" /><G9/><T98/><D98/><U103/><E76/><V43/><F135/><W70/><G35/><T123/><D123/><U107/><E42/><V3/><F125/><W74/><G70/><T72/><D83/><U77/><E77/><V130/><F3/><W50/><G82/><T2/><D11/><U25/><E127/><V105/><F105/><W36/><G74/><T92/><D92/><U128/><E54/><V104/><F104/><W68/><G68/><T48/><D61/><U97/><E65/><V133/><F133/><W90/><G90/><T124/><D124/><U73/><E73/><V71/><F71/><W100/><G100/><T84/><D84/><N who="3" m="21505" /><W44/><AGARI ba="3,1" hai="36,37,39,44,50,52,56,59" m="21505,42539" machi="44" ten="50,6400,0" yaku="4,1,14,1,54,1" doraHai="0" who="3" fromWho="3" sc="308,-19,234,-35,194,-19,254,83" /><INIT seed="2,0,0,5,1,32" ten="289,199,175,337" oya="2" hai0="63,75,55,40,13,18,61,25,104,43,1,80,23" hai1="11,58,82,46,60,133,39,113,14,54,69,29,49" hai2="109,62,36,135,12,6,41,10,4,24,120,127,121" hai3="78,96,94,37,53,73,7,85,84,2,91,92,57"/><V72/><F72/><W106/><G37/><T74/><D104/><U67/><E29/><V28/><F127/><W93/><G53/><T108/><D75/><U110/><E113/><V117/><F117/><W132/><G57/><T66/><D108/><U26/><E110/><V83/><F135/><W77/><G7/><T111/><D111/><U124/><E133/><V101/><F109/><W81/><G2/><T21/><D1/><U119/><E119/><V97/><F83/><N who="3" m="45487" /><G132/><T115/><D115/><U30/><E124/><V128/><F128/><W118/><G118/><T65/><D55/><U3/><E82/><V125/><F125/><W68/><G68/><T98/><D98/><U44/><E3/><V107/><F36/><W90/><G106/><T27/><D80/><AGARI ba="0,0" hai="78,80,81,84,85,90,91,92,93,94,96" m="45487" machi="80" ten="30,8000,1" yaku="35,5" doraHai="32" who="3" fromWho="0" sc="289,-80,199,0,175,0,337,80" /><INIT seed="3,0,0,1,5,34" ten="209,199,175,417" oya="3" hai0="88,48,46,113,110,59,82,133,7,68,25,26,95" hai1="22,119,134,98,120,35,100,77,79,108,61,18,28" hai2="30,81,104,107,47,90,31,15,12,39,27,117,116" hai3="130,70,10,53,36,19,89,60,94,121,124,40,96"/><W86/><G121/><T71/><D133/><U111/><E120/><V29/><F29/><W56/><G124/><T42/><D113/><U105/><E134/><V115/><F115/><W76/><G130/><T0/><D110/><N who="1" m="42027" /><E119/><V23/><F39/><W67/><G10/><T69/><D82/><U74/><E61/><V75/><F81/><W4/><G4/><T72/><D72/><U78/><E74/><V83/><F83/><W93/><G76/><T80/><D80/><U41/><E41/><V64/><F75/><W24/><G19/><T106/><D106/><U17/><E35/><V32/><F32/><W131/><G24/><AGARI ba="0,0" hai="17,18,22,24,28,77,78,79,98,100,105" m="42027" machi="24" ten="30,1000,0" yaku="14,1" doraHai="34" who="1" fromWho="3" sc="209,0,199,10,175,0,417,-10" /><INIT seed="4,0,0,4,2,128" ten="209,209,175,407" oya="0" hai0="127,23,72,64,93,48,124,134,61,15,24,74,10" hai1="96,65,57,44,42,75,34,56,104,0,12,29,120" hai2="79,52,126,43,97,5,13,94,132,51,84,90,102" hai3="59,92,81,7,78,58,77,85,113,91,98,40,83"/><T116/><D116/><U6/><E0/><V87/><F126/><N who="0" m="48170" /><D48/><U86/><E75/><V2/><F2/><W32/><G32/><T135/><D93/><U70/><E120/><V46/><F132/><N who="0" m="50730" /><D10/><U131/><E70/><V69/><F69/><W101/><G113/><T60/><D15/><U33/><E65/><V50/><F13/><W99/><G40/><T11/><D11/><U103/><E86/><N who="2" m="32811" /><F5/><W122/><G7/><T106/><D106/><U54/><E29/><V53/><F79/><W121/><G58/><N who="0" m="36887" /><D61/><U26/><E6/><V133/><F133/><W130/><G59/><T35/><D35/><U62/><E12/><V21/><F51/><W14/><G14/><T63/><D63/><U111/><E33/><V112/><F94/><N who="3" m="58583" /><G83/><T82/><D82/><U129/><E34/><V118/><F50/><W80/><G80/><T55/><D55/><U47/><E62/><V109/><F53/><W115/><G78/><T123/><D123/><N who="3" m="47113" /><G115/><T37/><D37/><U68/><E68/><V73/><F112/><W66/><G66/><T108/><D108/><U20/><E111/><V119/><F109/><W22/><G22/><T71/><D71/><U88/><E20/><V76/><F21/><W18/><G18/><AGARI ba="0,0" hai="18,23,24,72,74" m="36887,50730,48170" machi="18" ten="30,12000,1" yaku="18,1,20,1,52,3" doraHai="128" who="0" fromWho="3" sc="209,120,209,0,175,0,407,-120" /><INIT seed="4,1,0,1,0,54" ten="329,209,175,287" oya="0" hai0="82,100,19,37,18,22,134,12,16,23,9,1,133" hai1="96,67,130,27,0,72,40,14,84,15,57,17,103" hai2="114,70,118,43,102,91,116,28,50,8,46,55,81" hai3="3,126,127,104,90,13,6,111,131,44,97,117,59"/><T75/><D37/><U30/><E0/><V56/><F70/><W132/><G3/><T41/><D41/><U92/><E72/><V125/><F28/><W101/><G117/><N who="2" m="45161" /><F114/><W32/><G32/><T73/><D100/><U64/><E40/><V35/><F35/><W98/><G111/><T5/><D82/><U86/><E130/><V120/><F120/><W83/><G132/><N who="0" m="50795" /><D75/><U4/><E4/><V20/><F125/><N who="3" m="47627" /><G131/><T106/><D73/><U129/><E129/><V58/><F102/><W80/><G44/><T10/><D106/><U26/><E17/><AGARI ba="1,0" hai="1,5,9,10,12,16,17,18,19,22,23" m="50795" machi="17" ten="30,11600,0" yaku="20,1,34,2,54,1" doraHai="54" who="0" fromWho="1" sc="329,119,209,-119,175,0,287,0" /><INIT seed="4,2,0,4,3,56" ten="448,90,175,287" oya="0" hai0="115,16,81,97,6,59,110,51,127,29,88,129,96" hai1="113,117,68,100,94,70,19,10,75,23,121,47,45" hai2="89,119,24,73,123,5,114,49,7,34,1,80,12" hai3="55,103,85,38,41,76,126,52,108,2,13,130,79"/><T111/><D6/><U98/><BYE who="3" /><E75/><V4/><F123/><W27/><G27/><T74/><D29/><U64/><E121/><V90/><F114/><W30/><G30/><T26/><D115/><U82/><E117/><V15/><F119/><W133/><G133/><T69/><D69/><U132/><E132/><V65/><F73/><W25/><G25/><T20/><D127/><U18/><E113/><V54/><F80/><W105/><G105/><T109/><D129/><U21/><E82/><V86/><F65/><W78/><G78/><T84/><D74/><U42/><E10/><N who="2" m="2319" /><F89/><W124/><G124/><T102/><D102/><U33/><E33/><V35/><F90/><W53/><G53/><AGARI ba="2,0" hai="16,20,26,51,53,59,81,84,88,96,97,109,110,111" machi="53" ten="40,7700,0" yaku="10,1,54,2" doraHai="56" who="0" fromWho="3" sc="448,83,90,0,175,0,287,-83" /><INIT seed="4,3,0,5,0,27" ten="531,90,175,204" oya="0" hai0="50,56,54,86,96,44,134,43,26,47,125,132,129" hai1="108,85,0,38,9,7,99,5,114,131,112,46,88" hai2="133,70,64,51,84,109,122,3,4,40,36,14,6" hai3="71,73,105,53,67,106,98,21,58,55,28,130,113"/><T37/><D26/><U102/><E108/><V81/><F109/><W80/><G80/><T87/><D96/><U32/><E32/><V23/><F122/><W11/><G11/><T33/><D33/><U68/><E7/><V93/><F36/><W92/><G92/><T82/><D82/><U13/><E0/><V128/><F3/><W127/><G127/><T8/><D8/><U119/><E119/><V118/><F118/><W34/><G34/><T60/><D87/><U126/><E68/><V100/><F70/><W25/><G25/><T91/><D91/><U61/><E126/><V94/><F64/><W49/><G49/><T116/><D116/><U75/><E75/><V95/><F133/><N who="0" m="51306" /><D86/><U90/><E131/><V124/><F124/><W59/><G59/><T30/><D125/><U19/><E85/><V69/><F69/><W63/><G63/><T117/><D117/><U76/><E76/><N who="2" m="46119" /><F128/><W57/><G57/><T15/><D129/><U115/><E5/><N who="2" m="2155" /><F23/><W39/><G39/><T107/><D107/><U101/><E38/><V17/><F17/><W16/><G16/><T89/><D89/><U41/><E90/><V123/><F123/><W72/><G72/><T111/><D111/><U18/><E114/><V52/><F14/><W20/><G20/><T104/><D104/><U66/><E115/><V45/><F100/><W77/><G77/><T48/><D15/><U29/><E13/><V65/><F65/><W135/><G135/><T74/><D74/><U22/><E101/><V83/><F83/><W110/><G110/><T42/><D37/><U31/><E112/><RYUUKYOKU ba="3,0" sc="531,15,90,-15,175,15,204,-15" hai0="30,42,43,44,47,48,50,54,56,60" hai2="40,45,51,52,93,94,95" /><INIT seed="4,4,0,1,3,0" ten="546,75,190,189" oya="0" hai0="50,36,83,68,14,37,109,21,41,135,53,98,28" hai1="76,52,69,74,97,1,75,126,112,100,134,15,24" hai2="49,117,29,22,113,129,2,62,95,30,31,43,40" hai3="119,120,18,64,70,101,116,91,125,12,35,56,99"/><T79/><D68/><U23/><E69/><V39/><F2/><W81/><G81/><T51/><D135/><U90/><E1/><V27/><F39/><W26/><G26/><T106/><D109/><U32/><E32/><V63/><F113/><W54/><G54/><T133/><D133/><U38/><E112/><V34/><F129/><W55/><G55/><T11/><D37/><U46/><E134/><V61/><F117/><W85/><G85/><T122/><D122/><U71/><E71/><V48/><F34/><W20/><G20/><T96/><D36/><U10/><E126/><V16/><REACH who="2" step="1"/><F95/><REACH who="2" ten="546,75,180,189" step="2"/><W124/><G124/><T114/><D114/><U105/><E38/><V44/><F44/><W78/><G78/><T123/><D123/><U4/><E46/><V111/><F111/><W5/><G5/><T115/><D115/><U93/><E74/><V88/><F88/><W107/><G107/><T6/><D106/><U108/><E105/><V102/><F102/><W19/><G19/><T66/><D79/><U57/><E108/><V33/><F33/><W60/><G60/><T92/><D92/><U110/><E110/><V45/><F45/><W128/><G128/><T86/><D41/><AGARI ba="4,1" hai="16,22,27,29,30,31,40,41,43,48,49,61,62,63" machi="41" ten="40,5200,0" yaku="1,1,8,1,54,1,53,0" doraHai="0" doraHaiUra="65" who="2" fromWho="0" sc="546,-64,75,0,180,74,189,0" /><INIT seed="5,0,0,0,4,103" ten="482,75,254,189" oya="1" hai0="132,91,90,73,125,77,56,98,135,116,24,131,106" hai1="11,1,53,10,40,100,99,89,55,97,43,102,119" hai2="111,81,107,96,64,105,114,92,46,16,52,86,29" hai3="49,76,39,37,12,124,2,113,84,17,134,121,48"/><U83/><E119/><V33/><F111/><W22/><G22/><T71/><D116/><U44/><E1/><V74/><F74/><W109/><G109/><T80/><D71/><U7/><E7/><V59/><F64/><W85/><G85/><T82/><D24/><U5/><E5/><V120/><F120/><W62/><G62/><T47/><D47/><U69/><E69/><V3/><F3/><W78/><G78/><N who="0" m="44111" /><D56/><U38/><E38/><V45/><F33/><W14/><G14/><T65/><D65/><U112/><E112/><V87/><F29/><W68/><G68/><T36/><D36/><U133/><E89/><V93/><F114/><W128/><G128/><T123/><D131/><U27/><E83/><V23/><F93/><W130/><G130/><T115/><D115/><U67/><E27/><V61/><F87/><W110/><G110/><T104/><D123/><U88/><E88/><N who="0" m="33833" /><D125/><U95/><E67/><V66/><F46/><W79/><G79/><T28/><D28/><U8/><E44/><V6/><F6/><W42/><G42/><N who="1" m="15914" /><E133/><N who="0" m="51273" /><D98/><U32/><E32/><V118/><F45/><W70/><G70/><T18/><D18/><U108/><E108/><V51/><F118/><W13/><G13/><T31/><D31/><U25/><E25/><N who="2" m="14567" /><F66/><W4/><G4/><T58/><D58/><U94/><AGARI ba="0,0" hai="8,10,11,53,55,94,95,97,99,100,102" m="15914" machi="94" ten="30,1500,0" yaku="8,1" doraHai="103" who="1" fromWho="1" sc="482,-5,75,15,254,-5,189,-5" /><INIT seed="5,1,0,4,0,66" ten="477,90,249,184" oya="1" hai0="121,50,30,85,88,93,128,89,0,61,14,79,52" hai1="112,43,106,117,54,11,76,12,73,46,41,78,9" hai2="99,123,94,133,10,42,28,51,72,8,97,101,27" hai3="104,2,3,70,107,21,55,102,122,1,130,16,37"/><U63/><E117/><V5/><F123/><W86/><G86/><N who="0" m="52375" /><D0/><U119/><E119/><V53/><F72/><W132/><G132/><T110/><D121/><U84/><E106/><V74/><F74/><W19/><G19/><T71/><D110/><U57/><E112/><V131/><F133/><W31/><G31/><T87/><D79/><N who="1" m="30251" /><E73/><V15/><F131/><W62/><G62/><T96/><D128/><U77/><N who="1" m="30259" /><U100/><DORA hai="40" /><E100/><V92/><F42/><N who="1" m="15881" /><E84/><V25/><F25/><W59/><G59/><N who="0" m="33175" /><D30/><U48/><E12/><V69/><F69/><W115/><G115/><T39/><D39/><U20/><E20/><V83/><F83/><W126/><G126/><T26/><D26/><U34/><E34/><V103/><F15/><W75/><G75/><T105/><D105/><U24/><E24/><V65/><F65/><AGARI ba="1,0" hai="9,11,46,48,54,57,63,65" m="15881,30259" machi="65" ten="30,2900,0" yaku="8,1,52,1" doraHai="66,40" who="1" fromWho="2" sc="477,0,90,32,249,-32,184,0" /><INIT seed="5,2,0,3,1,63" ten="477,122,217,184" oya="1" hai0="125,16,50,116,49,32,121,41,87,108,40,6,129" hai1="51,76,133,52,128,9,67,105,106,74,7,102,55" hai2="99,66,48,84,11,17,0,135,8,103,64,89,113" hai3="134,111,69,118,83,82,65,37,23,130,10,19,14"/><U22/><E128/><V97/><F0/><W91/><G91/><T85/><D116/><U71/><E133/><V39/><F135/><W115/><G115/><T127/><D129/><U15/><E74/><V96/><F113/><W36/><G36/><T12/><D108/><U54/><E76/><V70/><F39/><W86/><G86/><N who="0" m="32779" /><D32/><U110/><E110/><V68/><F99/><W58/><G58/><T57/><D6/><U112/><E112/><V109/><F84/><W38/><G38/><T4/><D4/><U101/><E22/><V124/><F109/><W27/><G27/><T126/><D121/><U95/><E51/><N who="0" m="19465" /><D57/><U31/><E31/><V120/><F48/><W131/><G131/><T34/><D34/><U29/><E29/><V90/><F120/><W13/><G13/><T93/><D93/><U44/><E44/><V47/><F47/><W45/><G45/><T60/><D60/><U18/><E7/><V42/><F124/><W132/><G132/><T61/><D61/><U30/><E30/><V53/><F53/><W123/><G123/><T72/><D72/><U79/><E79/><V81/><F81/><W88/><G88/><T80/><D80/><U107/><E95/><V43/><F17/><W2/><G2/><T59/><D59/><U122/><E122/><V26/><REACH who="2" step="1"/><F26/><REACH who="2" ten="477,122,207,184" step="2"/><W78/><G78/><T5/><D5/><U119/><E119/><V20/><F20/><AGARI ba="2,1" hai="12,16,20,40,41,125,126,127" m="19465,32779" machi="20" ten="40,2600,0" yaku="18,1,54,1" doraHai="63" who="0" fromWho="2" sc="477,42,122,0,207,-32,184,0" /><INIT seed="6,0,0,1,5,74" ten="519,122,175,184" oya="2" hai0="20,48,130,5,4,99,122,49,72,83,46,80,88" hai1="114,120,29,116,43,85,50,36,53,92,61,32,23" hai2="24,56,97,77,73,17,0,40,66,10,132,57,96" hai3="78,39,112,64,93,123,87,105,71,135,133,37,89"/><V134/><F40/><W15/><G15/><T111/><D122/><U125/><E120/><V118/><F118/><W54/><G54/><N who="0" m="29975" /><D111/><U131/><E116/><V45/><F45/><W115/><G115/><T13/><D72/><U30/><E32/><V38/><F38/><W90/><G90/><T28/><D130/><U76/><E114/><V69/><F0/><W70/><G70/><T100/><D100/><U14/><E131/><V95/><F10/><W25/><G25/><N who="0" m="16423" /><D49/><U44/><E125/><V31/><F69/><W107/><G107/><T8/><D5/><U75/><E75/><V34/><F66/><W103/><G103/><T7/><D7/><U91/><E76/><V63/><F96/><W26/><G26/><T22/><D22/><U42/><E61/><V62/><F77/><W129/><G129/><T68/><D68/><U6/><E6/><V18/><F73/><W51/><G51/><T124/><D124/><U52/><E53/><V126/><F126/><W2/><G2/><T21/><D21/><U67/><E67/><N who="2" m="39367" /><F18/><W108/><G108/><T65/><D65/><U60/><E60/><V16/><F97/><W19/><G19/><N who="2" m="7241" /><F95/><AGARI ba="0,0" hai="4,8,13,80,83,88,95,99" m="16423,29975" machi="95" ten="30,2000,0" yaku="8,1,54,1" doraHai="74" who="0" fromWho="2" sc="519,20,122,0,175,-20,184,0" /><INIT seed="7,0,0,2,2,50" ten="539,122,155,184" oya="3" hai0="62,124,100,105,56,30,28,11,3,119,121,67,81" hai1="106,39,122,36,2,13,96,123,75,126,109,90,132" hai2="4,101,104,53,129,114,51,29,58,117,20,92,22" hai3="45,97,59,66,73,0,79,1,93,78,130,65,118"/><W86/><G86/><T25/><D119/><U127/><E2/><V34/><F104/><W35/><G35/><T7/><D121/><U68/><E123/><V49/><F117/><W133/><G133/><T112/><D124/><N who="1" m="47659" /><E122/><V113/><F34/><W99/><G99/><T110/><D110/><U54/><E75/><V6/><F129/><W21/><G21/><N who="2" m="8297" /><F29/><W102/><G102/><T80/><D112/><N who="2" m="43114" /><F92/><W40/><G40/><T44/><D44/><U107/><E68/><V111/><F111/><W9/><G9/><T98/><D30/><U18/><E109/><V23/><N who="2" m="8305" /><V41/><DORA hai="83" /><F101/><W33/><G33/><T95/><D105/><N who="1" m="39947" /><E132/><V85/><F85/><W72/><G72/><T120/><D120/><U38/><E96/><V48/><F41/><W84/><G84/><T91/><D28/><U14/><E90/><V8/><F8/><W88/><G88/><T61/><D25/><U27/><E54/><V64/><F64/><W71/><G71/><T135/><D135/><U24/><E18/><V16/><F16/><W5/><G5/><AGARI ba="0,0" hai="4,5,6,48,49,51,53,58" m="43114,8305" machi="5" ten="40,2600,0" yaku="15,1,52,1" doraHai="50,83" who="2" fromWho="3" sc="539,0,122,0,155,26,184,-26" owari="539,64,122,-38,181,-2,158,-24" /></mjloggm>