<mjloggm ver="2.3"><GO type="137" lobby="0"/><UN n0="%E3%83%9A%E3%82%AF%E3%83%9E%E3%82%AD%E3%83%8E" n1="%E7%95%99%E8%90%8C" n2="%E3%81%84%E3%82%82%E3%81%95%E3%81%A8" n3="%66%72%33%6E%65%74%69%63" dan="13,11,11,11" rate="1878.03,1567.19,1577.61,1483.40" sx="M,F,F,F"/><TAIKYOKU oya="0"/><INIT seed="0,0,0,2,1,56" ten="250,250,250,250" oya="0" hai0="118,116,129,1,50,68,81,102,132,69,44,43,110" hai1="10,53,115,37,107,112,7,11,72,113,48,84,96" hai2="126,34,99,39,70,104,8,60,21,108,117,91,123" hai3="131,66,16,127,133,15,130,57,83,36,82,55,26"/><T13/><D1/><U114/><E37/><V2/><RYUUKYOKU type="yao9" ba="0,0" sc="250,0,250,0,250,0,250,0" hai2="2,8,21,34,39,60,70,91,99,104,108,117,123,126" /><INIT seed="0,1,0,4,2,36" ten="250,250,250,250" oya="0" hai0="31,69,42,116,11,106,123,100,60,2,95,37,110" hai1="134,59,64,18,43,29,102,73,32,25,17,84,70" hai2="132,46,45,86,83,30,51,71,52,103,131,75,40" hai3="72,109,0,117,78,114,93,90,4,56,96,119,22"/><T81/><D116/><N who="3" m="44617" /><G0/><T128/><D123/><U113/><E73/><V9/><F71/><W88/><G4/><T67/><D106/><U14/><E70/><V21/><F132/><W94/><G22/><T39/><D31/><U107/><E43/><V101/><F75/><W126/><G56/><T28/><D28/><U33/><E134/><V48/><F9/><W20/><G20/><T27/><D27/><U5/><E113/><V112/><F131/><W7/><G7/><T85/><D128/><U129/><E129/><V92/><F112/><W120/><G109/><T76/><D2/><U77/><E77/><V23/><F30/><W16/><G16/><T26/><D26/><U97/><E84/><V44/><F46/><W68/><G68/><T118/><D118/><U61/><REACH who="1" step="1"/><E33/><REACH who="1" ten="250,240,250,250" step="2"/><V1/><F1/><W50/><G114/><T98/><D110/><U66/><E66/><V133/><F133/><W104/><G120/><T38/><REACH who="0" step="1"/><D11/><AGARI ba="1,1" hai="5,11,14,17,18,25,29,32,59,61,64,97,102,107" machi="11" ten="40,1300,0" yaku="1,1,53,0" doraHai="36" doraHaiUra="91" who="1" fromWho="0" sc="250,-16,240,26,250,0,250,0" /><INIT seed="1,0,0,2,1,38" ten="234,266,250,250" oya="1" hai0="37,62,18,106,80,93,26,27,71,67,99,117,42" hai1="55,40,57,83,59,33,51,116,127,2,25,10,119" hai2="39,77,96,1,101,70,73,88,53,56,121,16,102" hai3="85,46,11,19,12,69,94,74,65,22,8,29,72"/><U84/><E119/><V75/><F70/><W49/><G69/><T34/><D117/><U100/><E116/><V50/><F1/><W115/><G115/><T24/><D106/><U58/><E100/><V31/><F31/><W6/><G65/><T23/><D34/><U79/><E127/><V60/><F121/><W17/><G72/><T105/><D105/><U104/><E104/><V82/><F75/><W54/><G74/><T3/><D3/><U124/><E124/><V110/><F110/><W91/><REACH who="3" step="1"/><G11/><REACH who="3" ten="234,266,250,240" step="2"/><T86/><D67/><U126/><E126/><V66/><F39/><W4/><G4/><T35/><D71/><U111/><E111/><V5/><F5/><W133/><G133/><T90/><D35/><U61/><E2/><V76/><F76/><W41/><G41/><T120/><D42/><U7/><E7/><V123/><F123/><W78/><G78/><T87/><D37/><U98/><E10/><V68/><F16/><W108/><G108/><T0/><D120/><U92/><E33/><V113/><F113/><W36/><G36/><T32/><D32/><U14/><E14/><V48/><F68/><W81/><G81/><T64/><D0/><U9/><E9/><V103/><F66/><W21/><G21/><T131/><D80/><U132/><E132/><V20/><F20/><W44/><G44/><T128/><D18/><U15/><E15/><V97/><F97/><W122/><G122/><T30/><D23/><U112/><E112/><V135/><F135/><W43/><G43/><T89/><D64/><U95/><E40/><V109/><F109/><RYUUKYOKU ba="0,1" sc="234,-15,266,-15,250,15,240,15" hai2="48,50,53,56,60,73,77,82,88,96,101,102,103" hai3="6,8,12,17,19,22,29,46,49,54,85,91,94" /><INIT seed="2,1,1,3,3,131" ten="219,251,265,255" oya="2" hai0="85,43,88,91,12,86,48,105,65,0,133,104,27" hai1="114,130,28,32,120,34,36,102,2,119,35,81,83" hai2="8,132,47,38,125,15,127,37,117,123,126,90,61" hai3="110,57,116,14,75,134,121,100,101,30,66,19,84"/><V51/><F117/><W98/><G134/><T41/><D0/><U89/><E119/><V25/><F25/><W13/><G110/><T31/><D133/><U71/><E114/><V53/><F123/><W20/><G121/><T62/><D12/><U6/><E120/><V16/><F132/><W94/><G116/><T87/><D104/><U33/><E71/><V74/><F74/><W29/><G75/><T69/><D105/><U124/><E36/><V54/><F54/><W103/><G66/><T21/><REACH who="0" step="1"/><D41/><REACH who="0" ten="209,251,265,255" step="2"/><U63/><E2/><V77/><F77/><W118/><G118/><T42/><D42/><U135/><E135/><V79/><F79/><W92/><G13/><T73/><D73/><U39/><E39/><V7/><F61/><W26/><G14/><T10/><D10/><U4/><E6/><V93/><F7/><W11/><G11/><T17/><D17/><U5/><E4/><V70/><F70/><W72/><G72/><T58/><D58/><U96/><E5/><V22/><F8/><W99/><G57/><T46/><AGARI ba="1,2" hai="21,27,31,43,46,48,62,65,69,85,86,87,88,91" machi="46" ten="30,4000,0" yaku="1,1,0,1,54,1,53,0" doraHai="131" doraHaiUra="111" who="0" fromWho="0" sc="209,63,251,-11,265,-21,255,-11" /><INIT seed="3,0,0,0,4,96" ten="272,240,244,244" oya="3" hai0="80,67,99,20,133,109,131,110,7,51,116,117,71" hai1="3,85,16,125,14,135,54,19,15,62,6,88,34" hai2="115,119,89,53,105,60,107,13,45,23,101,21,11" hai3="31,114,79,78,100,64,58,49,87,24,17,124,70"/><W132/><G114/><T90/><D7/><U59/><E34/><V56/><F115/><W104/><G17/><T33/><D33/><U86/><E135/><V36/><F119/><W50/><G132/><T121/><D121/><U108/><E108/><N who="0" m="41577" /><D133/><U111/><E111/><V118/><F118/><W38/><G124/><T18/><D71/><U102/><E125/><V72/><F72/><W106/><G38/><T134/><D134/><U75/><E75/><V43/><F107/><W112/><G112/><T82/><D67/><U25/><E102/><V55/><F53/><W9/><G9/><T40/><D40/><U113/><E113/><V103/><F105/><W4/><G4/><T0/><D0/><U92/><E85/><V120/><F89/><W41/><G41/><T35/><D35/><U26/><E3/><V32/><F32/><N who="3" m="20583" /><G106/><T28/><D28/><U10/><REACH who="1" step="1"/><E19/><REACH who="1" ten="272,230,244,244" step="2"/><V1/><F1/><W95/><G87/><T47/><D18/><U5/><E5/><V66/><F120/><W52/><G78/><T68/><D116/><U69/><E69/><V76/><F76/><W39/><G79/><T130/><D117/><U12/><E12/><V77/><F77/><W73/><G70/><T129/><D68/><U44/><E44/><V27/><F23/><AGARI ba="0,1" hai="6,10,14,15,16,23,25,26,54,59,62,86,88,92" machi="23" ten="30,8000,1" yaku="1,1,7,1,8,1,54,2,53,0" doraHai="96" doraHaiUra="42" who="1" fromWho="2" sc="272,0,230,90,244,-80,244,0" /><INIT seed="4,0,0,2,1,4" ten="272,320,164,244" oya="0" hai0="118,115,29,102,121,53,0,113,108,63,84,76,50" hai1="27,38,28,95,1,22,109,80,112,66,90,10,124" hai2="83,40,11,8,26,49,43,61,24,23,9,3,131" hai3="13,42,110,5,81,16,7,106,96,21,85,12,14"/><T41/><D0/><U87/><E109/><V127/><F3/><W128/><G128/><T44/><D29/><U74/><E124/><V19/><F127/><W132/><G132/><T77/><D102/><U51/><E38/><V48/><F131/><W79/><G110/><T6/><D6/><U72/><E112/><N who="0" m="43081" /><D108/><U97/><E66/><V25/><F61/><W116/><G116/><T104/><D104/><U67/><E67/><V34/><F34/><W125/><G125/><T62/><D118/><U100/><E51/><N who="2" m="19531" /><F83/><W78/><G78/><T59/><D121/><U119/><E119/><V68/><F68/><W101/><REACH who="3" step="1"/><G42/><AGARI ba="0,0" hai="8,9,11,19,23,24,25,26,40,42,43" m="19531" machi="42" ten="30,7700,0" yaku="8,1,52,3" doraHai="4" who="2" fromWho="3" sc="272,0,320,0,164,77,244,-77" /><INIT seed="5,0,0,2,2,32" ten="272,320,241,167" oya="1" hai0="89,2,28,29,113,81,3,15,133,33,1,4,99" hai1="58,121,70,84,80,46,127,117,23,82,100,120,5" hai2="112,27,123,16,132,69,102,97,47,111,122,96,105" hai3="39,118,76,67,9,93,30,77,25,74,21,49,62"/><U65/><E117/><V108/><F69/><W64/><G39/><T11/><D33/><U98/><E121/><V72/><F47/><W78/><G118/><T35/><D35/><U125/><E120/><V42/><F42/><W79/><G9/><T75/><D75/><U83/><E70/><V135/><F72/><W103/><G49/><T13/><D113/><U43/><E5/><V26/><F16/><W131/><G131/><T34/><D34/><U85/><E23/><V60/><F60/><W41/><G41/><T31/><D133/><U92/><E65/><V24/><F112/><W126/><G126/><N who="1" m="48138" /><E58/><V19/><F19/><W44/><G44/><T107/><D107/><U91/><E43/><V55/><F55/><W129/><G62/><T40/><D40/><U88/><E46/><V36/><F36/><W68/><G129/><T52/><D15/><U38/><E38/><V7/><F7/><W22/><G22/><T104/><D104/><AGARI ba="0,0" hai="80,82,83,84,85,88,91,92,98,100,104" m="48138" machi="104" ten="30,11600,0" yaku="18,1,34,2,54,1" doraHai="32" who="1" fromWho="0" sc="272,-116,320,116,241,0,167,0" /><INIT seed="5,1,0,0,5,71" ten="156,436,241,167" oya="1" hai0="94,124,76,9,88,116,81,60,29,101,127,97,1" hai1="33,89,65,37,129,39,57,54,72,91,83,103,69" hai2="2,36,21,133,53,125,132,31,7,90,32,85,19" hai3="47,108,30,79,123,118,58,50,46,10,110,59,121"/><U0/><E0/><V80/><F125/><W6/><G79/><T82/><D116/><U15/><E33/><V67/><F67/><W70/><G30/><T74/><D29/><U126/><E126/><N who="0" m="48169" /><D1/><U49/><E103/><V14/><F53/><N who="3" m="29911" /><G10/><T11/><D60/><U99/><E129/><V44/><F44/><W107/><G107/><T34/><D34/><U98/><E72/><V66/><F66/><W78/><G78/><T45/><D45/><U64/><E15/><V38/><F132/><W48/><G6/><T128/><D128/><U27/><E27/><N who="2" m="18559" /><F133/><W115/><G118/><T24/><D24/><U18/><E18/><V130/><F130/><W113/><G70/><T35/><D35/><U23/><E23/><V5/><F7/><W104/><G104/><T84/><AGARI ba="1,0" hai="9,11,74,76,81,82,84,88,94,97,101" m="48169" machi="84" ten="30,2000,0" yaku="18,1,54,1" doraHai="71" who="0" fromWho="0" sc="156,23,436,-11,241,-6,167,-6" /><INIT seed="6,0,0,3,0,95" ten="179,425,235,161" oya="2" hai0="11,100,126,120,129,54,112,88,45,81,96,31,53" hai1="99,67,116,2,48,110,63,79,23,1,6,28,40" hai2="107,121,91,50,12,10,38,106,32,5,93,43,59" hai3="69,127,9,135,57,122,4,64,83,62,35,13,87"/><V58/><F32/><W74/><G122/><T111/><D120/><U3/><E116/><V132/><F38/><W27/><G74/><T73/><D111/><U123/><E110/><V60/><F121/><W8/><G127/><T15/><D126/><U113/><E123/><V78/><F78/><W92/><G135/><T104/><D31/><U105/><E113/><V16/><F58/><W75/><G75/><T68/><D68/><U29/><E79/><V33/><F33/><W77/><G92/><T128/><D112/><U34/><E40/><V26/><F132/><W133/><G133/><T55/><D73/><U24/><E48/><V124/><F124/><W22/><G35/><T131/><D45/><U85/><E85/><N who="2" m="52463" /><F107/><W37/><G37/><T98/><D81/><U86/><E86/><V41/><F106/><W103/><G103/><T84/><D84/><U76/><E76/><V7/><F26/><W21/><G8/><T30/><D30/><U56/><E6/><N who="2" m="2059" /><F50/><W46/><G46/><T94/><D54/><AGARI ba="0,0" hai="10,12,16,41,43,54,59,60" m="2059,52463" machi="54" ten="30,2900,0" yaku="8,1,54,1" doraHai="95" who="2" fromWho="0" sc="179,-29,425,0,235,29,161,0" /><INIT seed="6,1,0,4,4,77" ten="150,425,264,161" oya="2" hai0="69,87,45,76,111,127,15,93,65,16,90,130,117" hai1="120,32,67,112,42,75,34,59,61,97,109,1,124" hai2="64,37,96,72,24,41,36,132,80,125,92,131,28" hai3="11,47,78,82,30,23,39,50,114,60,126,128,62"/><V103/><F132/><W98/><G39/><T51/><D111/><U52/><E109/><V110/><F110/><W4/><G114/><T53/><D130/><U56/><E112/><V133/><F133/><W25/><G98/><T54/><D127/><U101/><E124/><V35/><F125/><W26/><G128/><T74/><D117/><U135/><E135/><V102/><F64/><W129/><G126/><T107/><D107/><U12/><E1/><V104/><F131/><W29/><G129/><T22/><D65/><U57/><E75/><V83/><F41/><W18/><G30/><T9/><D69/><U123/><E42/><V33/><F33/><W91/><G91/><T19/><D76/><U70/><E12/><V113/><F113/><W58/><G58/><T7/><D74/><U43/><E43/><V13/><F13/><W84/><G50/><T122/><D122/><N who="1" m="46635" /><E52/><V73/><F103/><W108/><G47/><T55/><REACH who="0" step="1"/><D7/><REACH who="0" ten="140,425,264,161" step="2"/><U6/><E6/><V118/><F118/><W85/><G108/><T86/><D86/><U115/><E115/><V14/><F104/><AGARI ba="1,1" hai="32,34,56,57,59,61,67,70,97,101,104" m="46635" machi="104" ten="30,1000,0" yaku="13,1" doraHai="77" who="1" fromWho="2" sc="140,0,425,23,264,-13,161,0" /><INIT seed="7,0,0,3,2,52" ten="140,448,251,161" oya="3" hai0="118,21,104,110,29,109,64,128,59,57,77,89,33" hai1="84,81,66,96,126,134,50,30,80,27,6,119,129" hai2="127,47,117,87,75,46,72,42,45,70,125,18,15" hai3="85,37,76,51,2,58,120,112,26,9,35,86,5"/><W95/><G120/><T121/><D121/><U36/><E36/><V101/><F70/><W93/><G37/><T41/><D104/><U74/><E119/><V68/><F68/><W78/><G26/><T13/><D77/><U99/><E6/><V16/><F87/><W79/><G35/><T131/><D118/><U63/><E74/><V108/><F45/><W48/><G2/><T88/><D41/><U83/><E134/><V115/><F117/><W65/><G5/><T17/><D64/><U130/><E50/><V23/><F23/><W20/><G20/><T28/><D88/><U25/><E126/><V34/><F42/><W102/><G65/><T22/><D89/><U1/><E1/><V8/><F101/><W107/><G102/><T61/><D61/><U123/><E123/><V38/><F38/><W60/><G107/><T24/><D29/><U62/><E84/><V100/><F100/><W40/><G60/><N who="1" m="23082" /><E66/><V0/><F0/><W98/><G76/><T39/><D39/><U69/><E69/><V4/><F4/><W103/><G103/><T49/><D49/><U10/><E10/><V132/><F8/><W73/><G40/><T44/><D44/><U111/><E111/><N who="0" m="42505" /><D33/><U91/><E91/><V3/><F3/><W106/><G106/><T11/><D11/><U114/><E114/><V113/><F34/><W14/><G73/><T97/><D97/><N who="1" m="37451" /><E30/><V67/><F108/><W56/><G98/><T82/><D82/><N who="1" m="20995" /><U124/><DORA hai="53" /><E124/><V135/><F67/><W12/><G112/><T122/><D122/><U43/><E43/><V105/><F105/><RYUUKYOKU ba="0,0" sc="140,0,448,0,251,0,161,0" hai0="13,17,21,22,24,28,57,59,128,131" hai1="25,27,129,130" hai2="15,16,18,46,47,72,75,113,115,125,127,132,135" hai3="9,12,14,48,51,56,58,78,79,85,86,93,95" /><INIT seed="7,1,0,1,2,17" ten="140,448,251,161" oya="3" hai0="39,84,57,94,9,45,37,127,98,68,40,82,122" hai1="111,25,126,113,12,28,67,134,41,102,49,131,50" hai2="107,15,38,5,56,2,101,4,120,72,75,65,46" hai3="89,22,52,18,24,26,14,79,119,97,47,3,70"/><W53/><G119/><T71/><D122/><U91/><E111/><V81/><F5/><W124/><G79/><T16/><D37/><U59/><E102/><V77/><F75/><W123/><G123/><T27/><D57/><U43/><E113/><V60/><F15/><W30/><G3/><T29/><D127/><U64/><E126/><V95/><F95/><W42/><G124/><T63/><D63/><U100/><E100/><V109/><F120/><W51/><G70/><T83/><D83/><U69/><E69/><N who="2" m="42151" /><F109/><W19/><G24/><T74/><D74/><U115/><E115/><V76/><F56/><W62/><G62/><T10/><D10/><U11/><E134/><V55/><F55/><W66/><G66/><N who="1" m="25130" /><E131/><V13/><F13/><W87/><G97/><T31/><D68/><U20/><E91/><V114/><F77/><W48/><G48/><N who="1" m="18538" /><E59/><V129/><F114/><W118/><G19/><AGARI ba="1,0" hai="11,12,19,20,25,28,41,43" m="18538,25130" machi="19" ten="30,2000,0" yaku="8,1,52,1" doraHai="17" who="1" fromWho="3" sc="140,0,448,23,251,0,161,-23" owari="140,-26,471,57,251,5,138,-36" /></mjloggm>