<mjloggm ver="2.3"><GO type="137" lobby="0"/><UN n0="%E7%95%99%E8%90%8C" n1="%E3%81%B2%E3%82%8D%E3%81%BF%EF%BC%92" n2="%E3%81%8A%E3%82%8D%E3%81%97%E6%98%8E%E5%A4%AA%E5%AD%90" n3="%6B%61%6B%65%6A%69%6B%75" dan="11,14,11,13" rate="1575.67,1850.80,1643.47,1801.72" sx="F,M,M,M"/><TAIKYOKU oya="0"/><INIT seed="0,0,0,2,1,65" ten="250,250,250,250" oya="0" hai0="66,39,8,101,125,115,117,31,113,62,48,78,49" hai1="132,119,114,47,95,24,110,29,53,86,61,19,42" hai2="30,120,33,3,104,27,129,32,128,54,58,105,83" hai3="72,56,22,4,25,135,130,16,75,134,133,98,123"/><T14/><D117/><U40/><E119/><V23/><F120/><W116/><G116/><T28/><D39/><U41/><E110/><V5/><F5/><W57/><G123/><T26/><D115/><U102/><E132/><V36/><F3/><W97/><G130/><N who="2" m="50281" /><F83/><W80/><G4/><T64/><D113/><U74/><E74/><V10/><F10/><W107/><G107/><N who="2" m="41033" /><F36/><W17/><G80/><T12/><D125/><U84/><E114/><V108/><F108/><W7/><G7/><T69/><D78/><U127/><E127/><V46/><F46/><W60/><G17/><T34/><D66/><U96/><E19/><V70/><F70/><W124/><G124/><T13/><D31/><U1/><E1/><V109/><F109/><W37/><G37/><T94/><D8/><U90/><E90/><V50/><AGARI ba="0,0" hai="23,27,30,32,33,50,54,58" m="41033,50281" machi="50" ten="30,1100,0" yaku="19,1" doraHai="65" who="2" fromWho="2" sc="250,-5,250,-3,250,11,250,-3" /><INIT seed="1,0,0,1,1,94" ten="245,247,261,247" oya="1" hai0="22,98,78,43,56,132,12,26,58,64,30,100,70" hai1="33,15,86,57,10,45,31,90,3,106,50,124,62" hai2="67,95,75,116,71,29,0,6,47,59,133,49,115" hai3="11,24,82,53,14,85,97,5,113,91,35,126,128"/><U51/><E106/><V123/><F75/><W112/><G126/><T111/><D43/><U20/><E3/><V40/><F116/><W46/><G128/><T36/><D36/><U117/><E33/><V134/><F29/><W44/><G35/><T54/><D132/><U114/><E114/><V73/><F73/><W4/><G24/><T103/><D111/><U25/><E124/><V21/><F21/><W41/><G113/><T87/><D70/><U72/><E72/><V61/><F6/><W108/><G108/><T120/><D120/><U127/><E117/><V84/><F0/><W109/><G109/><T60/><D78/><U37/><E37/><V68/><F84/><W88/><G112/><T39/><D39/><U1/><E1/><V122/><F95/><N who="3" m="56575" /><G41/><T118/><D118/><U96/><E127/><V131/><F131/><W81/><G4/><T93/><D12/><U38/><E38/><V76/><F76/><W48/><G46/><T89/><REACH who="0" step="1"/><D87/><REACH who="0" ten="235,247,261,247" step="2"/><U125/><E125/><V32/><F115/><W83/><AGARI ba="0,1" hai="5,11,14,44,48,53,81,82,83,85,88" m="56575" machi="83" ten="30,4000,0" yaku="8,1,52,1,54,1" doraHai="94" who="3" fromWho="3" sc="235,-10,247,-20,261,-10,247,50" /><INIT seed="2,0,0,0,0,69" ten="225,227,251,297" oya="2" hai0="47,36,29,123,60,116,45,131,74,102,110,119,103" hai1="86,83,37,40,53,90,129,54,65,95,89,99,75" hai2="135,63,48,124,107,96,55,50,35,115,81,68,88" hai3="118,134,49,104,97,7,26,122,85,78,28,106,10"/><V117/><F115/><W5/><G122/><T39/><D123/><U25/><E129/><V18/><F117/><N who="0" m="45130" /><D74/><U9/><E65/><V93/><F135/><W91/><G118/><T0/><D131/><U92/><E75/><V3/><F124/><W4/><G134/><T98/><D0/><U17/><E40/><V101/><F35/><W67/><G67/><T56/><D110/><U113/><E37/><N who="0" m="14409" /><D29/><U130/><E130/><V64/><F3/><W111/><G111/><T112/><D112/><U77/><E113/><V114/><F114/><W73/><G73/><T42/><D98/><U21/><REACH who="1" step="1"/><E9/><REACH who="1" ten="225,217,251,297" step="2"/><V121/><F121/><W27/><G97/><T31/><D42/><U1/><E1/><V133/><F96/><W87/><G78/><T2/><D2/><U8/><E8/><V127/><F133/><W132/><G10/><T22/><D45/><U84/><AGARI ba="0,1" hai="17,21,25,53,54,77,83,84,86,89,90,92,95,99" machi="84" ten="20,5200,0" yaku="1,1,0,1,7,1,8,1,53,0" doraHai="69" doraHaiUra="58" who="1" fromWho="1" sc="225,-13,217,62,251,-26,297,-13" /><INIT seed="3,0,0,1,5,126" ten="212,279,225,284" oya="3" hai0="103,28,120,107,73,133,53,61,128,88,26,44,74" hai1="70,77,17,31,105,110,118,131,97,47,72,84,19" hai2="0,69,68,22,16,27,24,8,95,89,23,12,6" hai3="64,10,90,82,50,129,87,13,114,55,35,71,93"/><W134/><G114/><T54/><D120/><U20/><E131/><V56/><F56/><W124/><G35/><T127/><D127/><U38/><E70/><V104/><F104/><W30/><G30/><T9/><D133/><U121/><E72/><V57/><F57/><W40/><G124/><T85/><D73/><U116/><E110/><V49/><F49/><W94/><G134/><T109/><D74/><U39/><E121/><V119/><F119/><N who="1" m="45609" /><E31/><V106/><F106/><W2/><G2/><T62/><D128/><U112/><E112/><V21/><F0/><W25/><G40/><T7/><D109/><U34/><E34/><V92/><F22/><W123/><G25/><T86/><D107/><U101/><E47/><V122/><F122/><W63/><G129/><T78/><D103/><U45/><E45/><V75/><F75/><W43/><G43/><T58/><D78/><U80/><E17/><V108/><F108/><W115/><G115/><T60/><D44/><U18/><E18/><V111/><F111/><W132/><G132/><T102/><D102/><U29/><E29/><V14/><F14/><AGARI ba="0,0" hai="14,19,20,38,39,77,80,84,97,101,105" m="45609" machi="14" ten="30,1000,0" yaku="12,1" doraHai="126" who="1" fromWho="2" sc="212,0,279,10,225,-10,284,0" /><INIT seed="4,0,0,2,4,11" ten="212,289,215,284" oya="0" hai0="56,81,10,1,33,30,85,21,53,22,105,106,110" hai1="19,67,43,73,64,113,71,58,59,17,76,40,77" hai2="116,121,129,104,27,87,111,92,68,13,101,96,50" hai3="62,23,82,37,60,127,29,115,16,65,34,103,112"/><T93/><D110/><U46/><E71/><V100/><F68/><W47/><G127/><T120/><D120/><U55/><E73/><V90/><F121/><W25/><G103/><T70/><D70/><U99/><E99/><V44/><F111/><W36/><G47/><T42/><D42/><N who="1" m="15915" /><E113/><N who="3" m="43594" /><G82/><T14/><D106/><U41/><N who="1" m="15923" /><U32/><DORA hai="133" /><E32/><V49/><F129/><W117/><G117/><T89/><D105/><U75/><E75/><V95/><F44/><W134/><G134/><T66/><D66/><N who="1" m="25131" /><E46/><V39/><F39/><N who="3" m="14923" /><G65/><T35/><D1/><U122/><E122/><V118/><F104/><W88/><G88/><T3/><D3/><U124/><E124/><V18/><F100/><W74/><G74/><T132/><D132/><U130/><E130/><V0/><F0/><W84/><G84/><T83/><D35/><U80/><E80/><N who="0" m="30793" /><D33/><U5/><E5/><V52/><F90/><W48/><G48/><N who="0" m="30759" /><D30/><U123/><E123/><V57/><F116/><W97/><G97/><T26/><D26/><AGARI ba="0,0" hai="16,23,25,26,29,34,60,62" m="14923,43594" machi="26" ten="30,2000,0" yaku="15,1,54,1" doraHai="11,133" who="3" fromWho="0" sc="212,-20,289,0,215,0,284,20" /><INIT seed="5,0,0,4,2,51" ten="192,289,215,304" oya="1" hai0="71,39,40,7,80,38,74,88,10,73,62,121,128" hai1="95,8,113,83,98,94,67,99,78,57,47,134,14" hai2="34,96,129,59,104,4,112,87,28,75,117,109,45" hai3="48,33,50,133,77,101,85,97,65,41,111,64,1"/><U105/><E105/><V123/><F87/><W126/><G1/><T53/><D128/><U110/><E113/><V11/><F96/><N who="1" m="36905" /><E134/><V26/><F59/><W54/><G33/><T124/><D124/><U27/><E27/><V42/><F112/><W93/><G111/><T52/><D121/><U56/><E47/><V61/><F109/><W29/><G29/><T69/><D73/><U9/><E110/><V37/><F123/><W89/><G126/><T103/><D103/><U102/><E102/><V17/><F104/><W90/><G133/><T86/><D74/><U132/><E132/><V135/><F75/><W76/><G50/><T12/><D40/><U13/><E83/><V19/><F129/><W49/><G49/><T79/><D79/><N who="3" m="30281" /><G41/><T66/><REACH who="0" step="1"/><D69/><REACH who="0" ten="182,289,215,304" step="2"/><U106/><E78/><V21/><F135/><W18/><G101/><T20/><D20/><U70/><E70/><V55/><F21/><W72/><G72/><T36/><AGARI ba="0,1" hai="7,10,12,36,38,39,52,53,62,66,71,80,86,88" machi="36" ten="30,12000,2" yaku="1,1,0,1,52,2,54,2,53,1" doraHai="51" doraHaiUra="60" who="0" fromWho="0" sc="182,130,289,-60,215,-30,304,-30" /><INIT seed="6,0,0,3,2,18" ten="312,229,185,274" oya="2" hai0="1,29,28,125,111,62,42,76,25,52,88,123,61" hai1="91,116,108,13,121,60,77,92,2,24,51,109,85" hai2="39,7,124,66,48,4,44,126,50,115,114,23,49" hai3="36,75,122,90,63,21,89,0,10,12,118,100,127"/><V70/><F66/><W5/><G122/><T17/><D123/><U68/><E2/><V37/><F70/><W107/><G118/><T130/><D111/><U105/><E105/><V19/><F44/><W8/><G75/><T93/><D1/><U95/><E77/><V46/><F46/><W54/><G36/><N who="2" m="13897" /><F7/><W67/><G127/><N who="2" m="48681" /><F4/><W87/><G107/><T57/><D125/><U33/><E116/><V74/><F74/><W43/><G100/><T132/><D130/><U47/><E68/><V64/><F64/><W102/><G43/><T131/><D131/><U72/><E47/><V69/><F69/><W9/><G102/><T45/><D76/><U16/><E72/><V84/><F84/><W112/><G112/><N who="2" m="43049" /><F48/><W86/><G54/><T65/><D132/><U96/><E51/><V134/><F134/><W103/><G103/><T133/><D133/><U119/><E119/><V27/><AGARI ba="0,0" hai="19,23,27,49,50" m="43049,48681,13897" machi="27" ten="40,7800,0" yaku="18,1,15,1,52,1" doraHai="18" who="2" fromWho="2" sc="312,-26,229,-26,185,78,274,-26" /><INIT seed="6,1,0,2,5,122" ten="286,203,263,248" oya="2" hai0="47,0,12,125,96,10,108,75,114,36,61,63,45" hai1="90,25,65,51,118,84,98,39,41,4,77,37,30" hai2="16,102,82,126,48,83,133,101,123,134,14,79,113" hai3="110,99,64,73,72,52,28,50,55,100,88,87,2"/><V60/><F123/><W116/><G2/><T49/><D114/><U80/><E118/><V86/><F113/><W24/><G116/><T128/><D108/><U68/><E68/><V97/><F126/><W13/><G110/><T26/><D0/><U15/><E37/><V119/><F119/><W32/><G64/><T129/><D125/><U42/><E39/><V23/><F97/><W31/><G31/><T56/><D75/><U35/><E65/><V20/><F20/><W18/><G55/><T57/><D36/><U53/><E98/><V81/><F60/><W8/><G100/><N who="2" m="38505" /><F48/><W62/><G62/><N who="0" m="23563" /><D26/><U3/><E3/><V19/><F19/><W85/><G99/><T135/><D135/><AGARI ba="1,0" hai="14,16,23,79,81,82,83,86,133,134,135" m="38505" machi="135" ten="30,2900,0" yaku="20,1,54,1" doraHai="122" who="2" fromWho="0" sc="286,-32,203,0,263,32,248,0" /><INIT seed="6,2,0,4,4,44" ten="254,203,295,248" oya="2" hai0="69,16,86,111,76,130,52,49,128,74,23,39,56" hai1="26,46,120,103,8,121,68,102,115,42,58,88,127" hai2="89,99,29,12,105,13,65,30,72,4,35,50,2" hai3="91,67,82,98,62,22,84,80,57,134,71,21,95"/><V51/><F72/><W54/><G134/><T10/><D111/><U78/><E68/><V96/><F35/><W14/><G14/><N who="2" m="5737" /><F2/><W93/><G71/><T126/><D69/><U109/><E109/><V66/><F105/><W113/><G113/><T0/><D39/><U94/><E115/><V75/><F75/><W6/><G6/><T117/><D117/><U77/><E127/><V38/><F4/><W119/><G119/><T18/><D126/><U31/><E58/><V101/><F101/><N who="1" m="38409" /><E8/><V133/><F38/><W7/><G7/><T118/><D118/><U25/><E46/><V3/><F3/><W123/><G123/><N who="1" m="47178" /><E42/><V132/><F89/><N who="3" m="55663" /><G67/><N who="2" m="25609" /><F133/><W108/><G108/><T53/><D74/><U15/><E15/><V131/><F132/><W100/><G100/><T43/><D43/><U73/><E73/><V92/><F131/><N who="0" m="50218" /><D0/><U81/><E81/><AGARI ba="2,0" hai="21,22,54,57,62,80,81,82,84,91,93" m="55663" machi="81" ten="30,1000,0" yaku="8,1" doraHai="44" who="3" fromWho="1" sc="254,0,203,-16,295,0,248,16" /><INIT seed="7,0,0,0,3,114" ten="254,187,295,264" oya="3" hai0="119,71,59,133,35,103,42,6,87,41,124,7,2" hai1="11,116,109,110,105,78,45,88,104,66,43,99,91" hai2="113,100,53,83,5,75,106,49,24,67,122,89,58" hai3="101,50,117,126,36,21,80,121,81,130,48,22,85"/><W74/><G121/><T14/><D35/><U27/><E66/><V52/><F113/><W29/><G36/><T97/><D119/><U33/><E11/><V28/><F5/><W115/><G74/><T19/><D71/><U95/><E33/><V92/><F67/><W18/><G115/><T79/><D133/><U17/><E17/><V0/><F0/><W47/><G117/><T127/><D2/><U76/><E27/><V131/><F131/><W129/><G126/><N who="0" m="48171" /><D59/><U25/><E25/><V10/><F10/><W84/><G101/><T86/><D79/><N who="1" m="30251" /><E45/><V38/><F38/><W120/><G120/><T9/><D41/><U56/><E56/><V12/><F12/><W69/><G69/><T118/><D118/><U54/><E54/><V111/><F53/><W96/><G96/><T90/><D42/><U72/><E43/><V31/><F52/><W16/><G47/><T46/><D46/><U26/><E26/><V63/><F24/><W3/><G3/><T57/><D57/><U77/><E116/><V40/><F58/><W4/><G4/><T32/><D32/><U128/><E128/><V34/><F40/><W62/><G29/><T107/><D87/><U82/><E91/><V13/><F89/><W51/><G51/><T94/><AGARI ba="0,0" hai="6,7,9,14,19,86,90,94,97,103,107" m="48171" machi="94" ten="30,1100,0" yaku="18,1" doraHai="114" who="0" fromWho="0" sc="254,11,187,-3,295,-3,264,-5" /><INIT seed="8,0,0,3,5,23" ten="265,184,292,259" oya="0" hai0="38,135,16,39,43,115,31,22,70,107,93,35,55" hai1="119,32,114,122,62,45,42,61,133,129,118,126,40" hai2="104,65,18,71,111,116,47,110,2,11,53,66,21" hai3="51,94,26,0,112,49,52,98,28,124,54,75,6"/><T27/><D115/><U127/><E32/><V85/><F104/><W97/><G75/><T4/><D107/><U109/><E114/><V5/><F116/><N who="1" m="44585" /><E109/><V131/><F131/><W15/><G0/><T89/><D70/><U24/><E24/><V7/><F7/><W34/><G124/><N who="1" m="47658" /><E129/><V120/><F120/><W72/><G72/><T106/><D106/><U37/><E122/><V101/><F101/><W92/><G112/><T46/><D135/><U84/><E84/><V33/><F33/><W74/><G74/><T86/><D4/><U81/><E81/><V83/><F71/><W19/><G6/><T44/><D55/><N who="3" m="21033" /><G34/><T41/><REACH who="0" step="1"/><D35/><REACH who="0" ten="255,184,292,259" step="2"/><U96/><E133/><V12/><F111/><W77/><G77/><T59/><D59/><U50/><E96/><N who="3" m="36970" /><G51/><T69/><D69/><U102/><E102/><V117/><F117/><W17/><G49/><T76/><D76/><U130/><E130/><V67/><F110/><W82/><G82/><T73/><D73/><U125/><N who="1" m="47666" /><U121/><DORA hai="134" /><E121/><V29/><F53/><W79/><G79/><T57/><D57/><U99/><E99/><V105/><F105/><W1/><G94/><T90/><D90/><U3/><E3/><V63/><F47/><AGARI ba="0,1" hai="37,40,42,45,47,50,61,62" m="47666,44585" machi="47" ten="50,16000,3" yaku="16,1,18,1,34,2,52,4" doraHai="23,134" who="1" fromWho="2" sc="255,0,184,170,292,-160,259,0" owari="255,-14,354,45,132,-37,259,6" /></mjloggm>