<mjloggm ver="2.3"><GO type="9" lobby="0"/><UN n0="%E7%95%99%E8%90%8C" n1="%72%61%6B%75%6A%79%61%6E" n2="%E3%81%97%E3%81%8D" n3="%E3%83%B4%E3%82%89%E3%81%97%E3%81%BE" dan="11,11,0,5" rate="1623.84,1678.40,1500.00,1386.94" sx="F,M,F,M"/><TAIKYOKU oya="0"/><INIT seed="0,0,0,5,4,87" ten="250,250,250,250" oya="0" hai0="100,130,26,56,12,109,48,60,21,5,69,73,94" hai1="79,81,62,84,15,44,82,51,11,78,133,45,95" hai2="22,32,17,57,110,6,10,67,9,104,116,125,102" hai3="27,66,50,128,3,0,49,31,38,124,97,24,33"/><T43/><D73/><U115/><E115/><V54/><F110/><W99/><G128/><T59/><D109/><U29/><E133/><V96/><F116/><W39/><G124/><T76/><D130/><U101/><E29/><V114/><F114/><W103/><G99/><T80/><D69/><U14/><E62/><V131/><F125/><W65/><G38/><T35/><D35/><U122/><E122/><V68/><F131/><W134/><G134/><T64/><D5/><U19/><E15/><V89/><F32/><W119/><G119/><T118/><D118/><U7/><E7/><V106/><F106/><W117/><G117/><T47/><D12/><U63/><E63/><V34/><F34/><W20/><G39/><T83/><D76/><U13/><E13/><V120/><F120/><W90/><G3/><T74/><D74/><U113/><E51/><V58/><F68/><W135/><G0/><T86/><D86/><U108/><E108/><V23/><F67/><W88/><G135/><T61/><D100/><U93/><E113/><V75/><F75/><W36/><G36/><T127/><D127/><U70/><E70/><V98/><F57/><W42/><G42/><T4/><D94/><N who="1" m="35851" /><E101/><V111/><F111/><W1/><G66/><T25/><D4/><U129/><E129/><V18/><F6/><W91/><G65/><T126/><D126/><U71/><E71/><V30/><F30/><N who="3" m="19679" /><G1/><T40/><D40/><U55/><E55/><V123/><F123/><W107/><G107/><T132/><D132/><U41/><E41/><V85/><F96/><W52/><G52/><RYUUKYOKU ba="0,0" sc="250,-15,250,15,250,-15,250,15" hai1="11,14,19,44,45,78,79,81,82,84" hai3="20,24,31,49,50,88,90,91,97,103" /><INIT seed="1,1,0,1,0,17" ten="235,265,235,265" oya="1" hai0="32,21,104,46,116,13,112,64,124,26,15,78,27" hai1="48,31,98,102,109,65,44,60,76,96,68,111,50" hai2="55,63,45,83,38,130,117,119,101,53,66,57,128" hai3="41,82,133,70,58,40,126,51,12,0,24,115,37"/><U29/><E76/><V108/><F83/><W81/><G115/><T135/><D112/><U11/><E11/><V10/><F101/><W22/><G126/><T2/><D116/><N who="2" m="44618" /><F10/><W30/><G133/><T77/><D124/><U25/><E31/><V19/><F19/><W34/><G70/><T23/><D135/><U129/><E129/><N who="2" m="49771" /><F108/><N who="1" m="41545" /><E102/><V35/><F35/><W113/><G113/><T20/><D104/><U52/><E50/><N who="2" m="28879" /><F38/><W110/><G110/><T75/><D2/><U67/><E67/><AGARI ba="1,0" hai="55,57,63,66,67" m="28879,49771,44618" machi="67" ten="30,3900,0" yaku="19,1,34,2" doraHai="17" who="2" fromWho="1" sc="235,0,265,-42,235,42,265,0" /><INIT seed="2,0,0,1,2,58" ten="235,223,277,265" oya="2" hai0="130,81,93,88,46,114,10,124,19,85,14,71,87" hai1="59,36,98,92,70,63,43,34,48,105,129,110,22" hai2="51,56,9,65,5,39,26,125,116,67,72,127,118" hai3="2,135,91,66,20,109,30,17,100,123,15,61,41"/><V111/><F72/><W42/><G123/><T134/><D114/><U53/><E34/><V55/><F26/><W101/><G135/><T54/><D71/><U89/><E105/><V57/><F39/><W40/><G109/><T132/><D130/><U32/><E129/><V126/><F9/><W68/><G2/><T69/><D69/><U122/><E122/><V73/><F73/><W112/><G112/><T106/><D106/><U3/><E3/><V18/><F18/><W133/><G133/><N who="0" m="51307" /><D124/><U115/><E110/><V104/><F104/><W94/><G30/><T60/><D60/><U102/><E32/><V27/><F27/><W86/><AGARI ba="0,0" hai="15,17,20,40,41,42,61,66,68,86,91,94,100,101" machi="86" ten="30,2000,0" yaku="0,1,52,1" doraHai="58" who="3" fromWho="3" sc="235,-5,223,-5,277,-10,265,20" /><INIT seed="3,0,0,1,3,41" ten="230,218,267,285" oya="3" hai0="51,106,45,133,50,86,77,67,42,85,83,10,1" hai1="114,7,39,61,24,134,105,79,31,98,25,12,74" hai2="104,95,107,116,68,100,27,99,33,5,97,47,109" hai3="129,60,70,117,14,93,38,132,126,118,82,56,101"/><W6/><G132/><T115/><D106/><U35/><E134/><V121/><F116/><W81/><G129/><T23/><D133/><U124/><E114/><V2/><F47/><W20/><G126/><T29/><D115/><U87/><E124/><V44/><F44/><W112/><G112/><T110/><D110/><U113/><E113/><V37/><F109/><W76/><G38/><T19/><D67/><U66/><E39/><V62/><F95/><W130/><G130/><T75/><D29/><U46/><E24/><V52/><F121/><W49/><G49/><T108/><D108/><U120/><E74/><V64/><F52/><W63/><G82/><T28/><D28/><U54/><E87/><V71/><F37/><W40/><G40/><T11/><D1/><U80/><E120/><V26/><F26/><W15/><G15/><T21/><D75/><U111/><E12/><V92/><F92/><W96/><G70/><T17/><D51/><N who="1" m="29047" /><E7/><V119/><F119/><W128/><G128/><T48/><D48/><U34/><E34/><V78/><F78/><W3/><G3/><T8/><REACH who="0" step="1"/><D86/><REACH who="0" ten="220,218,267,285" step="2"/><U22/><E111/><V131/><F131/><W135/><G135/><T122/><D122/><U43/><E31/><N who="2" m="19711" /><F68/><W90/><G63/><T55/><D55/><U18/><E61/><V103/><F5/><W69/><G69/><T53/><D53/><U13/><E66/><V91/><F91/><W16/><G6/><T59/><D59/><U58/><E105/><V89/><F89/><W30/><G30/><T102/><D102/><U84/><E58/><V36/><F36/><RYUUKYOKU ba="0,1" sc="220,15,218,-15,267,15,285,-15" hai0="8,10,11,17,19,21,23,42,45,50,77,83,85" hai2="2,62,64,71,97,99,100,103,104,107" /><INIT seed="4,1,1,5,2,14" ten="235,203,282,270" oya="0" hai0="42,0,35,69,13,122,31,107,37,120,87,22,99" hai1="131,88,111,73,5,114,81,57,32,126,102,8,56" hai2="60,127,6,106,26,116,47,21,1,71,63,64,84" hai3="48,109,75,82,33,66,51,16,101,38,93,94,86"/><T125/><D0/><U50/><E32/><V130/><F106/><W104/><G109/><T39/><D69/><U59/><E111/><V96/><F116/><W53/><G75/><T77/><D122/><U36/><E36/><V11/><F127/><W15/><G33/><T2/><D120/><U85/><E131/><V90/><F130/><W19/><G38/><T83/><D2/><U112/><E126/><V52/><F96/><W89/><G66/><T67/><D67/><U103/><E73/><V29/><F71/><W54/><G104/><T105/><D125/><U80/><E50/><N who="3" m="18986" /><G101/><T135/><D135/><U12/><REACH who="1" step="1"/><E80/><REACH who="1" ten="235,193,282,270" step="2"/><V58/><F63/><W49/><N who="3" m="18994" /><W98/><DORA hai="43" /><G94/><T119/><D119/><U70/><E70/><V3/><F47/><W95/><G95/><T76/><D35/><U121/><E121/><V78/><F78/><N who="3" m="46423" /><G19/><T17/><D77/><U79/><E79/><V68/><F68/><W128/><G128/><T18/><D107/><U27/><E27/><V108/><F108/><W91/><G91/><T62/><D105/><U113/><AGARI ba="1,2" hai="5,8,12,56,57,59,81,85,88,102,103,112,113,114" machi="113" ten="40,12000,2" yaku="1,1,0,1,15,1,11,1,54,1,53,1" doraHai="14,43" doraHaiUra="30,10" who="1" fromWho="1" sc="235,-61,193,143,282,-31,270,-31" /><INIT seed="5,0,0,2,5,25" ten="174,336,251,239" oya="1" hai0="33,134,50,72,51,38,100,90,32,91,113,80,82" hai1="81,36,8,132,104,124,85,112,5,61,47,52,30" hai2="107,24,26,41,49,121,64,126,69,18,23,34,12" hai3="1,110,99,45,103,42,21,7,48,108,39,11,70"/><U6/><E112/><V105/><F121/><W122/><G122/><T135/><D38/><U22/><E104/><V114/><F126/><W93/><G70/><T117/><D117/><U106/><E106/><V66/><F114/><W89/><G21/><T98/><D113/><U84/><E124/><V43/><F34/><N who="0" m="13418" /><D72/><U44/><E132/><N who="0" m="50729" /><D100/><U3/><E6/><V75/><F75/><W76/><G76/><T94/><D98/><U78/><E36/><V73/><F73/><W19/><G19/><T101/><D101/><U87/><E47/><V83/><F107/><W96/><REACH who="3" step="1"/><G39/><REACH who="3" ten="174,336,251,229" step="2"/><T129/><D129/><U125/><E125/><V54/><F69/><W55/><G55/><T2/><D2/><U68/><E68/><V4/><F66/><W123/><G123/><T102/><D102/><U37/><E37/><V59/><F64/><W53/><G53/><T116/><D116/><U35/><E35/><V31/><F105/><AGARI ba="0,1" hai="1,7,11,42,45,48,89,93,96,99,103,105,108,110" machi="105" ten="30,2000,0" yaku="1,1,7,1,53,0" doraHai="25" doraHaiUra="16" who="3" fromWho="2" sc="174,0,336,0,251,-20,229,30" /><INIT seed="6,0,0,2,1,99" ten="174,336,231,259" oya="2" hai0="93,67,76,31,3,118,8,72,79,42,14,38,61" hai1="135,125,19,18,12,102,120,6,112,113,5,104,128" hai2="73,4,33,90,75,50,58,62,34,84,115,114,107" hai3="51,2,10,108,45,69,110,94,122,134,109,86,22"/><V121/><F121/><W40/><G122/><T127/><D3/><U124/><E120/><V83/><F4/><N who="1" m="1641" /><E128/><V68/><F107/><W21/><G69/><T74/><D118/><U39/><E39/><V106/><F106/><W56/><G134/><T129/><D129/><U32/><E32/><N who="2" m="12395" /><F68/><W30/><G30/><T1/><D1/><U26/><E135/><V36/><F50/><W101/><G2/><T87/><D31/><U43/><E43/><V96/><F96/><W7/><G56/><T17/><D127/><N who="1" m="48715" /><E26/><V111/><F36/><W48/><G48/><T100/><D38/><U85/><E85/><V53/><F111/><W0/><REACH who="3" step="1"/><G86/><REACH who="3" ten="174,336,231,249" step="2"/><T24/><D72/><U77/><E77/><V59/><F62/><W28/><G28/><T29/><D74/><N who="2" m="28170" /><F83/><W105/><G105/><T11/><D87/><U47/><E104/><V52/><F84/><W54/><G54/><N who="2" m="21097" /><F90/><W89/><G89/><T130/><D130/><U71/><E71/><V23/><F23/><W49/><G49/><T91/><D42/><U98/><E47/><V82/><F82/><W13/><G13/><T44/><D14/><U92/><E12/><V116/><F116/><W55/><G55/><T70/><D70/><U20/><E98/><AGARI ba="0,1" hai="0,7,10,21,22,40,45,51,94,98,101,108,109,110" machi="98" ten="40,2600,0" yaku="1,1,52,1,53,0" doraHai="99" doraHaiUra="117" who="3" fromWho="1" sc="174,0,336,-26,231,0,249,36" /><INIT seed="7,0,0,5,0,64" ten="174,310,231,285" oya="3" hai0="7,104,72,88,127,43,95,108,60,18,50,103,80" hai1="55,48,39,89,14,93,26,65,91,5,107,90,119" hai2="67,131,85,133,98,61,86,2,78,135,12,51,22" hai3="57,121,16,77,41,25,79,58,70,32,125,30,124"/><W56/><G121/><T116/><D116/><U113/><E39/><V3/><F98/><W101/><G101/><T44/><D108/><U106/><E113/><V99/><F51/><W84/><G70/><T23/><D127/><N who="3" m="48713" /><G41/><T96/><D7/><U81/><E119/><V52/><F99/><W87/><G32/><T20/><D60/><U132/><E132/><N who="2" m="50763" /><F22/><W114/><G114/><T53/><D43/><U83/><E65/><V34/><F12/><W19/><G30/><T117/><D117/><U118/><E118/><V105/><F86/><N who="3" m="32811" /><G25/><T123/><D123/><U74/><E26/><V42/><F52/><W59/><N who="3" m="14336" /><DORA hai="94" /><W68/><G68/><T66/><D66/><U35/><E35/><V9/><F85/><W37/><G37/><T29/><D29/><U4/><E93/><V134/><F78/><AGARI ba="0,0" hai="16,19,77,78,79" m="14336,32811,48713" machi="78" ten="50,12000,1" yaku="28,2,18,1,54,1" doraHai="64,94" who="3" fromWho="2" sc="174,0,310,0,231,-120,285,120" owari="174,-23,310,11,111,-39,405,51" /></mjloggm>