<mjloggm ver="2.3"><GO type="9" lobby="0"/><UN n0="%6D%61%67%6F%74" n1="%E7%95%99%E8%90%8C" n2="%74%61%6B%2E" n3="%4E%6F%4E%61%6D%65" dan="6,11,7,0" rate="1513.37,1609.87,1604.88,1500.00" sx="M,F,M,M"/><TAIKYOKU oya="0"/><INIT seed="0,0,0,1,2,124" ten="250,250,250,250" oya="0" hai0="56,71,125,61,95,5,27,11,83,2,60,84,103" hai1="100,17,111,46,89,131,67,36,126,90,91,117,64" hai2="78,18,26,55,109,47,8,75,65,118,32,101,29" hai3="104,7,102,51,28,13,12,3,16,45,21,108,88"/><T123/><D125/><U6/><E117/><V128/><F118/><W110/><G104/><T94/><D123/><U114/><E111/><N who="3" m="42538" /><G102/><T113/><D113/><U105/><E126/><V33/><F109/><W70/><G70/><T38/><D38/><U58/><E114/><V133/><F33/><W0/><G28/><T119/><D119/><U30/><E30/><V42/><F101/><W52/><G88/><T24/><D71/><U98/><E6/><V122/><F65/><W74/><G74/><T86/><D103/><U134/><E134/><V99/><F133/><W22/><G7/><T31/><D24/><U35/><E35/><V53/><F99/><W10/><G13/><T129/><D129/><U116/><E131/><V59/><F122/><W76/><G76/><T80/><D61/><U87/><E116/><V73/><F78/><W66/><G66/><T62/><D62/><U115/><E115/><V50/><F55/><W49/><G49/><T106/><D106/><U20/><E36/><V85/><F75/><W14/><G14/><T135/><D135/><U92/><E46/><V54/><F47/><W63/><G63/><T93/><D80/><U132/><E132/><V127/><F73/><W19/><G19/><T4/><D4/><U97/><E97/><V48/><F127/><W37/><G37/><T68/><D68/><U77/><E77/><V69/><F69/><W34/><G34/><N who="0" m="20863" /><D86/><U82/><E67/><V23/><F32/><W120/><G120/><T112/><D112/><U57/><E64/><V121/><F85/><W107/><G107/><T9/><D9/><RYUUKYOKU ba="0,0" sc="250,-10,250,-10,250,-10,250,30" hai3="0,3,10,12,16,21,22,45,51,52" /><INIT seed="1,1,0,3,0,101" ten="240,240,240,280" oya="1" hai0="53,94,97,88,77,68,100,127,43,96,71,65,126" hai1="15,44,120,12,58,111,110,135,119,125,49,32,123" hai2="56,13,63,81,3,64,59,78,79,134,20,128,87" hai3="118,83,52,31,27,113,14,91,0,18,105,34,7"/><U95/><E32/><V98/><F128/><W69/><G113/><T92/><D77/><U57/><E119/><V84/><F3/><W114/><G114/><T60/><D71/><U17/><E95/><V21/><F134/><W33/><G69/><T66/><D43/><U30/><E30/><V109/><F109/><N who="1" m="41481" /><E135/><V2/><F2/><W76/><G105/><T35/><D35/><U50/><E125/><V86/><F98/><W45/><G118/><T40/><D40/><U46/><E17/><N who="2" m="10287" /><F21/><W99/><G99/><T93/><D66/><U124/><E124/><V116/><F116/><W85/><G76/><N who="2" m="29225" /><F56/><N who="1" m="21609" /><E12/><V107/><F107/><W115/><G115/><T19/><D94/><U103/><E103/><V54/><F64/><W89/><G89/><AGARI ba="1,0" hai="54,59,63,81,84,86,87,89" m="29225,10287" machi="89" ten="30,1000,0" yaku="8,1" doraHai="101" who="2" fromWho="3" sc="240,0,240,0,240,13,280,-13" /><INIT seed="2,0,0,0,2,49" ten="240,240,253,267" oya="2" hai0="126,129,29,112,120,97,123,6,63,17,55,114,77" hai1="128,110,113,133,5,119,62,50,25,31,19,15,131" hai2="18,115,116,101,3,90,34,0,52,23,47,69,58" hai3="105,109,32,74,37,21,111,132,68,108,127,41,124"/><V27/><F116/><W134/><G32/><T118/><D77/><U96/><E119/><V130/><F69/><W1/><G21/><T106/><D118/><U14/><E113/><V99/><F115/><W135/><G105/><T66/><D114/><U70/><E110/><V20/><F34/><W4/><G68/><T46/><D112/><U71/><E96/><V73/><F47/><W38/><G4/><T83/><D6/><U10/><E133/><V57/><F57/><W65/><G1/><T61/><D83/><U2/><E50/><V7/><F73/><W76/><G74/><T54/><D29/><U67/><E70/><V16/><F90/><W78/><G65/><T79/><D79/><U64/><E64/><V92/><F7/><W82/><G82/><T13/><D126/><N who="3" m="48169" /><G41/><T88/><D129/><N who="1" m="49739" /><E19/><V86/><F86/><W26/><G26/><T36/><D106/><U59/><E71/><V72/><F72/><W125/><N who="3" m="48177" /><W48/><DORA hai="93" /><G48/><T11/><D123/><U81/><E81/><V104/><F104/><W40/><G40/><T89/><D120/><U56/><E56/><V43/><F43/><W45/><G45/><T12/><D12/><U28/><E28/><V87/><F87/><W117/><G117/><T122/><D122/><U91/><E91/><N who="0" m="34889" /><D97/><U53/><E67/><V42/><F42/><W98/><G98/><T9/><D9/><U95/><E95/><V24/><F130/><W94/><G94/><T107/><D107/><U30/><E30/><V121/><F121/><W84/><G84/><T75/><D75/><U103/><E103/><RYUUKYOKU ba="0,0" sc="240,-30,240,10,253,10,267,10" hai1="2,5,10,14,15,25,31,53,59,62" hai2="0,3,16,18,20,23,24,27,52,58,92,99,101" hai3="37,38,76,78,108,109,111,132,134,135" /><INIT seed="2,1,0,0,1,93" ten="210,250,263,277" oya="2" hai0="4,96,60,9,8,110,108,5,119,49,53,135,71" hai1="26,6,68,30,105,39,124,78,54,103,129,62,106" hai2="58,91,27,83,133,29,104,69,111,64,67,61,56" hai3="116,128,80,28,84,66,79,77,101,112,126,22,7"/><V52/><F111/><N who="0" m="42538" /><D71/><U131/><E39/><V21/><F133/><W125/><G116/><T1/><D135/><U42/><E6/><V86/><F104/><W63/><G66/><T16/><D60/><U75/><E42/><V117/><F117/><W38/><G38/><T118/><D1/><U76/><E124/><N who="3" m="47722" /><G63/><T15/><D119/><U81/><E78/><N who="3" m="29706" /><G112/><T59/><D118/><U132/><E132/><V65/><REACH who="2" step="1"/><F69/><REACH who="2" ten="210,250,253,277" step="2"/><W40/><G128/><N who="1" m="49226" /><E68/><V55/><F55/><W20/><G40/><T12/><D5/><U88/><E106/><V73/><F73/><W95/><G7/><T10/><D10/><U31/><E105/><V36/><F36/><W35/><G35/><T122/><D122/><U72/><E72/><V0/><F0/><W19/><G28/><T14/><D14/><U50/><E31/><V25/><F25/><W11/><G11/><T13/><D13/><U130/><E130/><V57/><AGARI ba="1,1" hai="21,27,29,52,56,57,58,61,64,65,67,83,86,91" machi="57" ten="30,11700,0" yaku="1,1,0,1,8,1,54,1,53,0" doraHai="93" doraHaiUra="37" who="2" fromWho="2" sc="210,-40,250,-40,253,130,277,-40" /><INIT seed="2,2,0,5,4,29" ten="170,210,383,237" oya="2" hai0="2,134,39,48,57,104,13,96,17,117,131,9,5" hai1="40,72,20,23,51,86,83,15,89,92,91,32,118" hai2="53,50,110,8,99,87,1,49,66,62,75,31,14" hai3="10,43,27,126,19,67,81,71,33,64,108,34,79"/><V114/><F75/><W128/><G43/><T35/><D39/><U101/><E118/><V80/><F1/><W124/><G71/><T112/><D117/><U122/><E122/><V3/><F3/><W25/><G108/><T63/><D112/><U55/><E40/><V0/><F0/><W11/><G79/><T6/><D48/><U18/><E32/><N who="3" m="12394" /><G81/><T129/><D104/><U135/><E135/><V58/><F114/><W4/><G128/><N who="0" m="49227" /><D96/><N who="1" m="59527" /><E72/><V130/><F130/><W132/><G132/><T73/><D134/><U119/><E119/><V65/><F31/><W133/><G133/><T22/><D73/><U41/><E41/><V68/><F99/><W120/><G120/><T94/><D94/><U7/><E7/><V12/><F110/><W59/><G4/><T106/><D106/><U60/><E60/><V97/><F97/><W52/><G19/><T100/><D100/><U46/><E91/><N who="2" m="51687" /><F68/><W56/><G52/><T37/><D37/><U70/><E70/><V95/><F95/><W123/><G123/><T93/><D93/><U30/><E30/><V125/><F12/><W38/><G38/><T105/><D105/><U127/><E127/><N who="3" m="48682" /><G67/><N who="2" m="25609" /><F125/><W47/><G64/><T45/><D45/><U24/><E24/><N who="3" m="9290" /><G47/><T107/><D107/><U26/><E26/><V78/><F78/><W88/><G88/><T76/><D76/><U111/><E111/><V85/><F85/><W113/><G113/><T42/><D6/><AGARI ba="2,0" hai="6,8,14,49,50,53,58,62" m="25609,51687" machi="6" ten="30,1500,0" yaku="8,1" doraHai="29" who="2" fromWho="0" sc="170,-21,210,0,383,21,237,0" /><INIT seed="2,3,0,5,0,30" ten="149,210,404,237" oya="2" hai0="13,52,120,29,123,134,85,25,125,81,61,93,131" hai1="128,27,122,11,98,34,14,116,83,104,24,49,39" hai2="96,32,22,76,16,111,12,109,82,118,105,86,135" hai3="23,42,36,10,74,94,108,18,101,67,38,21,77"/><V48/><F118/><W130/><G67/><T107/><D107/><U5/><E116/><V64/><F135/><W20/><G130/><T72/><D72/><U2/><E39/><V117/><F117/><W3/><G108/><N who="2" m="41545" /><F64/><W65/><G65/><T4/><D131/><U9/><E128/><V41/><F105/><W89/><G3/><T99/><D134/><U91/><E122/><V7/><F96/><W75/><G101/><T112/><D112/><U31/><E27/><V47/><F7/><W50/><G77/><T58/><D125/><U6/><E49/><V100/><F100/><W132/><G132/><T114/><D114/><U127/><E127/><V97/><F97/><W40/><G50/><T54/><D54/><U63/><E63/><V71/><F71/><W69/><G69/><T129/><D129/><U19/><E104/><V46/><F46/><W56/><G56/><T44/><D44/><U92/><E83/><V79/><F79/><W121/><G121/><T55/><D55/><U126/><E126/><V70/><F70/><W110/><G110/><T78/><D4/><U60/><REACH who="1" step="1"/><E60/><REACH who="1" ten="149,200,404,237" step="2"/><V90/><F48/><W106/><G106/><T8/><D123/><U115/><E115/><V84/><F47/><W57/><G57/><T28/><D120/><U1/><E1/><V80/><F41/><W87/><G36/><T26/><D25/><U124/><E124/><V0/><F0/><W35/><G38/><T66/><D26/><U51/><E51/><V113/><F113/><W103/><G40/><T43/><D81/><U37/><E37/><V17/><F82/><RYUUKYOKU ba="3,1" sc="149,-10,200,30,404,-10,237,-10" hai1="2,5,6,9,11,14,19,24,31,34,91,92,98" /><INIT seed="3,4,1,1,5,100" ten="139,230,394,227" oya="3" hai0="109,73,79,115,83,103,36,16,134,107,72,95,13" hai1="6,88,23,31,42,63,89,38,12,29,71,91,68" hai2="24,49,130,86,18,34,67,0,128,28,64,15,62" hai3="117,126,132,113,7,47,124,111,84,94,133,104,119"/><W20/><G7/><T123/><D109/><U69/><E63/><V87/><F0/><W76/><G113/><T97/><D36/><U2/><E2/><V11/><F49/><W106/><G20/><T10/><D123/><U66/><E66/><V30/><F67/><W105/><G47/><T46/><D134/><N who="3" m="51817" /><G111/><T96/><D115/><U81/><E38/><V125/><F125/><N who="3" m="48235" /><G76/><T101/><REACH who="0" step="1"/><D46/><REACH who="0" ten="129,230,394,227" step="2"/><U8/><E42/><V21/><F34/><W92/><G84/><AGARI ba="4,2" hai="10,13,16,72,73,79,83,84,95,96,97,101,103,107" machi="84" ten="30,8000,1" yaku="1,1,2,1,7,1,52,1,54,1,53,0" doraHai="100" doraHaiUra="51" who="0" fromWho="3" sc="129,112,230,0,394,0,227,-92" /><INIT seed="4,0,0,2,1,135" ten="241,230,394,135" oya="0" hai0="126,43,130,107,69,40,9,28,129,97,17,132,127" hai1="64,2,114,120,44,83,36,41,73,121,34,75,24" hai2="109,14,51,49,15,59,46,133,29,113,99,57,115" hai3="79,86,42,48,39,31,19,101,25,104,54,92,72"/><T70/><D28/><U37/><E2/><V61/><F109/><W88/><G104/><T85/><D85/><U111/><E111/><V117/><F117/><W100/><G39/><T32/><D32/><U33/><E120/><V74/><F133/><W52/><G72/><T76/><D132/><U11/><E121/><V123/><F74/><W67/><G42/><N who="0" m="15915" /><D76/><U68/><E11/><V71/><F123/><W66/><G79/><T63/><D107/><U0/><E0/><V124/><F29/><W82/><G31/><T118/><D97/><U21/><E114/><V96/><F46/><W12/><G25/><T23/><D9/><U81/><E21/><V94/><F61/><W106/><G106/><T122/><D122/><U128/><E128/><N who="0" m="49257" /><D17/><U53/><E53/><V77/><F77/><W38/><G38/><T102/><D102/><N who="3" m="39529" /><G92/><T56/><D23/><U112/><E112/><V1/><F94/><W58/><G54/><N who="0" m="34199" /><D118/><U5/><E37/><V16/><F1/><W93/><G82/><T6/><D6/><U95/><E95/><V89/><F89/><W55/><G55/><T8/><D8/><AGARI ba="0,0" hai="8,12,19,48,52,58,66,67,86,88,93" m="39529" machi="8" ten="30,3900,0" yaku="8,1,54,2" doraHai="135" who="3" fromWho="0" sc="241,-39,230,0,394,0,135,39" /><INIT seed="5,0,0,4,5,50" ten="202,230,394,174" oya="1" hai0="75,48,9,96,81,82,84,20,69,94,87,93,58" hai1="114,132,112,127,109,57,133,5,118,101,120,6,98" hai2="131,8,130,2,97,17,47,42,65,37,59,43,14" hai3="27,26,103,117,71,122,111,21,13,53,85,32,44"/><U61/><E101/><V129/><F2/><W36/><G122/><T66/><D69/><U25/><E98/><V102/><F43/><W92/><G111/><T135/><D9/><U90/><E90/><V7/><F59/><W34/><G71/><T70/><D135/><N who="1" m="51787" /><E61/><V41/><F41/><W29/><G36/><T55/><D75/><U104/><E104/><N who="2" m="63567" /><F65/><W49/><G117/><T52/><D70/><U28/><E57/><V80/><F80/><W105/><G105/><T1/><D1/><U62/><E62/><V67/><F67/><W15/><G103/><N who="0" m="60815" /><D66/><U23/><E118/><V128/><F128/><W89/><REACH who="3" step="1"/><G21/><REACH who="3" ten="202,230,394,164" step="2"/><T64/><D94/><U16/><E120/><V51/><F37/><W76/><G76/><T110/><D20/><U123/><E123/><V78/><F78/><W91/><G91/><T79/><D110/><U63/><E109/><V10/><F10/><W125/><G125/><T22/><D22/><U115/><E127/><V108/><F108/><W134/><G134/><T24/><D79/><U4/><E63/><V38/><F38/><W39/><G39/><T45/><D58/><U54/><E54/><V119/><F119/><W113/><G113/><N who="1" m="28930" /><U56/><DORA hai="95" /><E56/><V77/><F77/><W116/><G116/><T100/><D55/><U121/><E121/><V11/><F11/><W88/><G88/><T18/><D100/><U72/><E72/><V60/><F60/><W126/><G126/><T68/><D68/><U3/><E3/><V83/><F83/><W124/><G124/><T86/><D81/><U30/><AGARI ba="0,1" hai="4,5,6,16,23,25,28,30" m="28930,51787" machi="30" ten="50,12000,1" yaku="20,1,15,1,34,2,54,1" doraHai="50,95" who="1" fromWho="1" sc="202,-40,230,130,394,-40,164,-40" /><INIT seed="5,1,0,1,5,67" ten="162,360,354,124" oya="1" hai0="86,1,73,100,78,87,129,128,117,113,102,112,5" hai1="57,52,82,60,90,91,132,122,92,93,25,124,42" hai2="50,2,104,39,126,63,105,134,133,89,79,38,69" hai3="108,56,130,111,120,21,11,55,6,85,17,107,37"/><U99/><E122/><V34/><F34/><W72/><G120/><T45/><D45/><U70/><E42/><V119/><F119/><W32/><G37/><T109/><D1/><U97/><E124/><V49/><F2/><W3/><G107/><T43/><D5/><U65/><E132/><N who="2" m="50795" /><F126/><W46/><G72/><T84/><D43/><U26/><REACH who="1" step="1"/><E82/><REACH who="1" ten="162,350,354,124" step="2"/><V8/><F39/><W18/><G32/><T47/><D117/><U29/><E29/><V114/><F114/><W98/><G111/><T77/><D47/><U28/><E28/><V19/><F38/><W48/><G108/><T23/><D23/><U95/><E95/><V116/><F105/><W103/><G130/><T35/><D35/><U135/><E135/><V76/><F104/><W14/><G85/><T75/><REACH who="0" step="1"/><D87/><REACH who="0" ten="152,350,354,124" step="2"/><U36/><E36/><V0/><F116/><W131/><G131/><T51/><D51/><AGARI ba="1,2" hai="25,26,51,52,57,60,65,70,90,91,92,93,97,99" machi="51" ten="30,12000,1" yaku="1,1,7,1,9,1,52,1,54,1,53,0" doraHai="67" doraHaiUra="30" who="1" fromWho="0" sc="152,-123,350,143,354,0,124,0" /><INIT seed="5,2,0,4,4,134" ten="29,493,354,124" oya="1" hai0="37,69,100,0,10,19,94,85,23,108,42,135,4" hai1="8,128,125,13,124,67,17,60,127,130,59,7,54" hai2="16,2,81,106,11,75,15,90,56,79,91,109,38" hai3="43,6,49,78,40,76,92,97,36,47,103,29,129"/><U101/><E101/><V88/><F109/><W105/><G129/><N who="1" m="49770" /><E67/><V44/><F106/><W132/><G132/><T70/><D108/><U41/><E41/><N who="2" m="22583" /><F56/><W24/><G105/><T83/><D135/><U93/><E93/><V68/><F68/><W58/><G6/><AGARI ba="2,0" hai="6,7,8,13,17,54,59,60,124,125,127" m="49770" machi="6" ten="40,12000,1" yaku="18,1,19,1,52,3" doraHai="134" who="1" fromWho="3" sc="29,0,493,126,354,0,124,-126" owari="29,-37,619,72,354,15,-2,-50" /></mjloggm>