<mjloggm ver="2.3"><GO type="137" lobby="0"/><UN n0="%E7%95%99%E8%90%8C" n1="%61%74%75%73%69%38%38%34" n2="%E3%82%93%E3%81%B2%EF%BD%9E" n3="%33%31%30%6B%69" dan="12,12,13,13" rate="1566.67,1706.94,1734.72,1746.59" sx="F,M,F,M"/><TAIKYOKU oya="0"/><INIT seed="0,0,0,2,3,82" ten="250,250,250,250" oya="0" hai0="70,78,135,91,17,41,102,93,96,18,62,2,114" hai1="34,130,124,40,48,71,20,126,53,33,1,133,75" hai2="52,72,116,14,3,129,21,100,86,51,68,109,28" hai3="6,44,30,7,103,92,36,81,38,120,95,88,119"/><T49/><D2/><U110/><E75/><V80/><F3/><W4/><G119/><T66/><D135/><U90/><E1/><V99/><F72/><W15/><G120/><T106/><D114/><U37/><E37/><V122/><F122/><W121/><G121/><T29/><D29/><U84/><E40/><V104/><F116/><W77/><G30/><T69/><D69/><U117/><E117/><V123/><F123/><W132/><G132/><T56/><D78/><U35/><E71/><V127/><F68/><W61/><G61/><T89/><D41/><U101/><E133/><V105/><F109/><W10/><G44/><T118/><D118/><U57/><E110/><V27/><F129/><W50/><G50/><T47/><D56/><U8/><E101/><V60/><F60/><W11/><G103/><T12/><D106/><U73/><E8/><V19/><F127/><W55/><G55/><T83/><D83/><U24/><E73/><V42/><F42/><W85/><G11/><T128/><D128/><U39/><E130/><V0/><F0/><W23/><G95/><T94/><D102/><U76/><E76/><V58/><F99/><W134/><G134/><T112/><D112/><U67/><E67/><V26/><F100/><W113/><G113/><T64/><D70/><U108/><E39/><V125/><F125/><N who="1" m="48233" /><E108/><V16/><F19/><N who="3" m="10751" /><G10/><T87/><D18/><N who="1" m="12311" /><E34/><N who="2" m="20759" /><F27/><W5/><N who="3" m="1536" /><DORA hai="115" /><W32/><G32/><T46/><D46/><U63/><E63/><V13/><F14/><W22/><G22/><T54/><D12/><U31/><E31/><V97/><F97/><AGARI ba="0,0" hai="36,38,77,81,85,88,92,97" m="1536,10751" machi="97" ten="40,5200,0" yaku="6,1,52,1,54,1" doraHai="82,115" who="3" fromWho="2" sc="250,0,250,0,250,-52,250,52" /><INIT seed="1,0,0,5,4,38" ten="250,250,198,302" oya="1" hai0="41,87,52,134,12,116,122,19,44,109,131,135,34" hai1="25,86,72,85,124,117,20,23,99,46,101,63,5" hai2="6,79,36,10,53,123,28,100,104,129,92,97,42" hai3="45,50,67,88,78,56,110,69,55,43,57,16,51"/><U59/><E117/><V68/><F123/><W27/><G78/><T114/><D34/><U1/><E124/><V77/><F129/><W17/><G110/><T65/><D114/><U83/><E72/><V70/><F28/><W130/><G130/><T84/><D116/><U112/><E112/><V94/><F53/><W73/><G73/><T133/><D131/><U120/><E120/><V39/><F104/><W21/><G69/><T118/><D118/><U80/><E1/><V102/><F10/><W0/><G0/><T126/><D126/><U35/><E35/><V8/><F8/><W33/><G33/><T108/><D65/><U60/><E60/><V75/><F75/><W132/><G132/><T127/><D127/><U15/><E20/><V30/><F30/><N who="3" m="17775" /><G88/><T7/><D122/><U82/><E46/><V105/><F105/><W71/><G71/><T111/><D7/><U62/><E62/><AGARI ba="0,0" hai="16,17,43,45,50,51,55,56,57,62,67" m="17775" machi="62" ten="30,3900,0" yaku="8,1,52,1,54,1" doraHai="38" who="3" fromWho="1" sc="250,0,250,-39,198,0,302,39" /><INIT seed="2,0,0,5,5,126" ten="250,211,198,341" oya="2" hai0="27,67,91,127,80,69,104,18,93,36,40,131,101" hai1="46,31,59,107,120,17,37,14,90,61,77,47,8" hai2="129,58,73,60,99,10,62,6,75,29,110,130,82" hai3="87,79,21,114,92,128,133,111,100,48,71,42,103"/><V94/><F29/><W3/><G3/><T78/><D104/><U1/><E1/><V119/><F119/><W25/><G71/><T113/><D113/><U53/><E120/><V88/><F110/><W102/><G114/><T98/><D127/><U117/><E117/><V55/><F62/><W23/><G111/><T57/><D69/><U35/><E107/><V32/><F82/><W4/><G4/><T51/><D131/><N who="2" m="50186" /><F32/><W52/><G128/><T50/><D36/><U115/><E77/><V105/><F105/><W7/><G133/><T134/><D134/><U63/><E63/><V89/><F89/><N who="3" m="53311" /><G42/><T108/><D108/><U72/><E72/><V68/><F68/><W66/><G66/><T132/><D132/><U123/><E123/><V85/><F99/><W81/><G7/><T84/><D67/><U64/><E115/><V0/><AGARI ba="0,0" hai="0,6,10,55,58,60,73,75,85,88,94" m="50186" machi="0" ten="30,12000,1" yaku="19,1,52,3,54,1" doraHai="126" who="2" fromWho="2" sc="250,-40,211,-40,198,120,341,-40" /><INIT seed="2,1,0,4,3,124" ten="210,171,318,301" oya="2" hai0="80,14,3,75,82,91,65,106,10,113,118,18,59" hai1="97,117,107,130,109,21,42,4,28,81,105,19,16" hai2="29,64,76,119,111,108,49,89,116,55,120,61,15" hai3="69,99,134,62,40,47,34,2,48,84,6,12,67"/><V25/><F76/><W77/><G34/><T78/><D113/><U66/><E117/><V41/><F41/><W26/><G134/><T85/><D106/><U135/><E109/><N who="2" m="42059" /><F89/><W30/><G99/><T38/><D118/><U74/><E135/><V27/><F15/><W95/><G2/><T110/><D110/><U88/><E107/><V9/><F9/><W50/><G6/><T58/><D38/><U73/><E66/><V103/><F103/><W87/><G12/><T31/><D31/><U56/><E56/><N who="2" m="32879" /><F120/><W133/><G133/><T35/><D35/><U127/><E127/><V5/><F5/><W45/><G95/><T71/><REACH who="0" step="1"/><D3/><REACH who="0" ten="200,171,318,301" step="2"/><U98/><E105/><V121/><F121/><W11/><G77/><T53/><D53/><U8/><E28/><V100/><F29/><W129/><G30/><T115/><D115/><U1/><E42/><V94/><F119/><W72/><G40/><T17/><D17/><U13/><E19/><V24/><F116/><W114/><G114/><T46/><D46/><U90/><E73/><V23/><F64/><W123/><G47/><T22/><D22/><U83/><E74/><V63/><F23/><W112/><G45/><T7/><D7/><U57/><E1/><V39/><F39/><W79/><G72/><T43/><D43/><U0/><E4/><V132/><F132/><W122/><G67/><T54/><D54/><U131/><E0/><V86/><F86/><W93/><G112/><T44/><D44/><U20/><E8/><V32/><F32/><W70/><G11/><T51/><D51/><U96/><E21/><RYUUKYOKU ba="1,1" sc="200,15,171,-15,318,15,301,-15" hai0="10,14,18,58,59,65,71,75,78,80,82,85,91" hai2="24,25,27,61,63,94,100" /><INIT seed="2,2,1,1,3,114" ten="215,156,333,286" oya="2" hai0="89,97,80,124,132,18,111,82,25,59,87,16,94" hai1="50,101,90,28,8,38,118,21,131,72,61,106,112" hai2="130,96,39,65,121,79,126,5,95,53,43,20,36" hai3="84,75,66,116,98,127,13,108,71,85,49,120,3"/><V47/><F121/><W73/><G120/><T48/><D111/><U4/><E112/><V7/><F130/><W26/><G108/><T109/><D109/><U55/><E38/><V105/><F105/><W31/><G3/><T117/><D117/><U99/><E72/><V32/><F32/><W91/><G66/><T22/><D132/><U33/><E131/><V104/><F104/><W42/><G71/><T52/><D124/><U41/><E41/><V23/><F126/><W92/><G116/><T35/><D35/><U10/><E10/><V76/><F65/><W12/><G84/><T107/><D107/><U67/><E90/><V0/><F53/><W88/><G73/><T122/><D122/><U70/><E21/><V9/><F39/><W129/><G75/><T69/><D69/><U77/><E77/><V78/><REACH who="2" step="1"/><F7/><REACH who="2" ten="215,156,323,286" step="2"/><W17/><G129/><T6/><D6/><U57/><E4/><V60/><F60/><W11/><G127/><T113/><D113/><U74/><E74/><V110/><F110/><W54/><G42/><T115/><D115/><U19/><E55/><V93/><F93/><N who="3" m="54415" /><G54/><T29/><REACH who="0" step="1"/><D80/><REACH who="0" ten="205,156,323,286" step="2"/><U103/><E70/><V58/><F58/><W125/><G125/><T1/><D1/><U56/><E57/><V14/><F14/><W27/><G13/><T24/><D24/><N who="3" m="9257" /><G31/><T63/><D63/><U2/><E28/><V83/><F83/><W102/><G49/><T45/><D45/><U128/><E50/><V46/><F46/><W123/><G123/><T100/><AGARI ba="2,3" hai="16,18,22,25,29,48,52,59,82,87,89,94,97,100" machi="100" ten="20,12000,2" yaku="1,1,0,1,7,1,8,1,54,2,53,0" doraHai="114" doraHaiUra="64" who="0" fromWho="0" sc="205,156,156,-32,323,-62,286,-32" /><INIT seed="3,0,0,2,2,81" ten="361,124,261,254" oya="3" hai0="135,59,123,39,125,122,79,133,95,53,94,115,80" hai1="5,37,58,18,113,98,26,76,52,132,48,96,50" hai2="51,126,117,71,0,64,121,74,13,131,55,75,82" hai3="69,101,4,97,124,100,120,107,31,84,42,111,11"/><W99/><G120/><N who="0" m="46123" /><D39/><U43/><E113/><V70/><F117/><W61/><G124/><T7/><D7/><U9/><E132/><N who="0" m="50761" /><D115/><U36/><E36/><V72/><F0/><W54/><G111/><T10/><D10/><U14/><E37/><V66/><F121/><W16/><G42/><T112/><D112/><U25/><E76/><V21/><F126/><W88/><G31/><T24/><D24/><N who="1" m="9323" /><E5/><V28/><F131/><W38/><G38/><T93/><D125/><U129/><E129/><V46/><F82/><W119/><G119/><T1/><D1/><U108/><E108/><V85/><F28/><W57/><G69/><T60/><D95/><U56/><E56/><V23/><F85/><AGARI ba="0,0" hai="53,59,60,79,80,85,93,94" m="50761,46123" machi="85" ten="30,2000,0" yaku="20,1,52,1" doraHai="81" who="0" fromWho="2" sc="361,20,124,0,261,-20,254,0" /><INIT seed="4,0,0,4,2,67" ten="381,124,241,254" oya="0" hai0="118,83,91,69,56,9,106,12,74,34,52,115,53" hai1="60,29,79,24,111,55,77,27,73,41,1,70,14" hai2="11,49,44,4,124,128,45,78,135,131,68,72,90" hai3="42,101,21,134,37,23,92,25,61,48,54,2,102"/><T104/><D34/><U46/><E111/><V10/><F135/><W120/><G2/><T87/><D118/><U110/><E73/><V58/><F124/><W40/><G134/><T63/><D74/><U123/><E110/><V8/><F90/><W65/><G120/><T129/><D129/><N who="2" m="49738" /><F68/><W130/><G130/><T76/><D115/><U80/><E123/><V30/><F30/><W89/><G21/><T132/><D132/><U20/><E24/><V81/><F4/><W103/><G37/><T113/><D113/><U75/><E79/><V0/><F0/><W57/><G89/><T5/><D104/><U38/><E1/><V112/><F112/><W86/><G86/><T99/><D106/><U36/><E14/><V122/><F122/><W116/><G92/><N who="0" m="56735" /><D69/><U117/><E117/><V64/><F64/><AGARI ba="0,0" hai="5,9,12,52,53,56,63,64,76,83,87" m="56735" machi="64" ten="30,2900,0" yaku="8,1,54,1" doraHai="67" who="0" fromWho="2" sc="381,29,124,0,241,-29,254,0" /><INIT seed="4,1,0,2,5,87" ten="410,124,212,254" oya="0" hai0="102,88,108,57,18,122,29,44,49,107,110,6,121" hai1="74,70,64,81,79,113,25,28,58,98,35,30,75" hai2="109,125,12,95,72,46,134,131,61,32,56,99,126" hai3="54,9,45,106,73,86,114,37,62,11,96,97,71"/><T84/><D122/><U13/><E13/><V100/><F109/><N who="0" m="42090" /><D121/><U39/><E113/><V41/><F32/><W27/><G73/><T69/><D69/><U31/><E31/><V1/><F1/><W55/><G114/><T123/><D123/><U15/><E15/><V24/><F72/><W48/><G37/><T128/><D128/><U104/><E58/><V4/><F131/><W94/><G27/><T26/><D6/><U19/><E19/><V130/><F130/><W105/><G86/><T20/><D107/><U47/><E30/><V5/><F134/><W43/><G43/><N who="0" m="24735" /><D102/><U50/><E50/><N who="2" m="26959" /><F12/><W33/><G33/><T23/><D57/><U17/><E17/><V103/><F24/><W63/><G71/><T91/><D84/><U78/><E78/><V132/><F103/><W92/><G45/><T124/><D124/><N who="2" m="47722" /><F132/><W82/><G48/><T77/><D77/><U10/><E10/><V8/><F8/><W117/><G117/><T42/><D42/><N who="1" m="23007" /><E75/><V93/><F5/><W52/><G55/><T16/><D20/><U111/><E111/><V118/><F4/><W115/><G115/><T120/><D120/><U76/><E76/><V90/><F118/><W129/><G129/><T101/><D101/><N who="1" m="62519" /><E64/><V7/><F7/><W36/><G36/><T22/><D22/><U38/><E70/><V34/><F34/><W80/><AGARI ba="1,0" hai="9,11,52,54,62,63,80,82,92,94,96,97,105,106" machi="80" ten="25,6400,0" yaku="0,1,22,2,54,1" doraHai="87" who="3" fromWho="3" sc="410,-33,124,-17,212,-17,254,67" /><INIT seed="5,0,0,4,4,59" ten="377,107,195,321" oya="1" hai0="74,51,39,131,62,20,100,0,24,73,12,85,96" hai1="94,30,58,88,45,117,90,28,60,89,38,47,70" hai2="57,64,50,46,91,106,53,15,17,135,19,25,44" hai3="33,2,129,113,120,101,29,76,128,34,49,109,123"/><U78/><E117/><V82/><F135/><W40/><G109/><T9/><D39/><U21/><E38/><V97/><F64/><W71/><G2/><T65/><D0/><U95/><E70/><V48/><F25/><W115/><G71/><T79/><D131/><N who="3" m="50249" /><G76/><T7/><D73/><U52/><E78/><V127/><F127/><W54/><G101/><T14/><D74/><U84/><E90/><V72/><F72/><W67/><G67/><T26/><D51/><U55/><E55/><V35/><F35/><N who="3" m="13323" /><G40/><T37/><D37/><U61/><E61/><N who="2" m="36015" /><F106/><W32/><G29/><N who="1" m="11370" /><E21/><N who="2" m="11455" /><F19/><W124/><G124/><T42/><D42/><U116/><E116/><V31/><F31/><W18/><G18/><N who="0" m="10311" /><D85/><AGARI ba="0,0" hai="45,47,52,58,60,84,85,88,89,94,95" m="11370" machi="85" ten="30,11600,0" yaku="8,1,52,1,54,2" doraHai="59" who="1" fromWho="0" sc="377,-116,107,116,195,0,321,0" /><INIT seed="5,1,0,4,0,133" ten="261,223,195,321" oya="1" hai0="10,118,68,46,63,104,13,119,22,27,1,64,60" hai1="43,66,8,32,125,48,112,50,38,33,97,21,40" hai2="65,90,51,2,74,11,16,80,31,128,87,131,124" hai3="93,67,114,20,76,15,56,98,102,4,117,30,61"/><U29/><E112/><V3/><F124/><W110/><G110/><T106/><D119/><U78/><E78/><V47/><F65/><W35/><G35/><T5/><D118/><U42/><E38/><V37/><F37/><W49/><G114/><T79/><D79/><U132/><E132/><V96/><F31/><W134/><G134/><T73/><D73/><U18/><E66/><V45/><F74/><W71/><G76/><T126/><D126/><U123/><E123/><V59/><F59/><W120/><G120/><T72/><D72/><U91/><E125/><V99/><F47/><W82/><G82/><T44/><D60/><U107/><E107/><V28/><F28/><W0/><G0/><N who="2" m="41" /><F11/><W81/><G81/><T58/><D68/><U130/><E130/><N who="2" m="49707" /><F16/><W113/><G113/><T94/><D94/><N who="1" m="56543" /><E32/><V85/><F85/><W105/><G117/><T62/><D1/><U9/><E29/><V6/><F6/><W55/><G4/><T116/><D63/><U39/><E33/><V19/><F19/><W23/><G15/><T77/><D77/><U129/><E129/><V25/><F25/><W88/><REACH who="3" step="1"/><G30/><REACH who="3" ten="261,223,195,311" step="2"/><N who="0" m="17783" /><D116/><U52/><E39/><V12/><F12/><W53/><G53/><AGARI ba="1,1" hai="45,51,53,80,87,90,96,99" m="49707,41" machi="53" ten="30,1000,0" yaku="19,1" doraHai="133" who="2" fromWho="3" sc="261,0,223,0,195,23,311,-13" /><INIT seed="6,0,0,3,2,116" ten="261,223,218,298" oya="2" hai0="14,63,23,19,78,109,108,90,92,46,44,47,33" hai1="40,128,130,132,49,55,77,114,87,91,75,45,127" hai2="97,69,39,11,35,53,100,51,71,101,0,18,27" hai3="104,112,7,84,106,59,94,42,107,89,17,62,124"/><V67/><F39/><W4/><G42/><T64/><D33/><U134/><E114/><V65/><F101/><W76/><G112/><T43/><D78/><U2/><E2/><V135/><F135/><N who="1" m="51753" /><E77/><V68/><F0/><W26/><G76/><T85/><REACH who="0" step="1"/><D43/><REACH who="0" ten="251,223,218,298" step="2"/><U88/><E75/><V16/><F35/><W117/><G117/><T57/><AGARI ba="0,1" hai="14,19,23,44,46,47,57,63,64,85,90,92,108,109" machi="57" ten="30,4000,0" yaku="1,1,2,1,0,1,53,0" doraHai="116" doraHaiUra="24" who="0" fromWho="0" sc="251,50,223,-10,218,-20,298,-10" /><INIT seed="7,0,0,2,1,50" ten="301,213,198,288" oya="3" hai0="38,67,23,123,37,128,17,4,101,76,7,86,28" hai1="57,91,125,33,112,124,92,11,58,87,83,43,98" hai2="106,64,9,134,20,70,60,119,79,47,66,120,22" hai3="25,62,68,36,130,88,27,52,77,95,2,100,46"/><W99/><G2/><T74/><D123/><U16/><E33/><V31/><F119/><W53/><G36/><T32/><D128/><U89/><E112/><V12/><F134/><W3/><G3/><T54/><D101/><U97/><E43/><V8/><F120/><W69/><G130/><T72/><D37/><U129/><E129/><V135/><F135/><W93/><G69/><T82/><D38/><U85/><E57/><V71/><F106/><W34/><G34/><T0/><D67/><U103/><E58/><V105/><F105/><W121/><G121/><T118/><D118/><U113/><E113/><V122/><F122/><W48/><G68/><T108/><D108/><U6/><E6/><V133/><F133/><W126/><G77/><T42/><D42/><U51/><E51/><V21/><F79/><W63/><G126/><N who="1" m="48746" /><E103/><V10/><F31/><W29/><G29/><T75/><D0/><U14/><AGARI ba="0,0" hai="11,14,16,83,85,87,89,91,92,97,98" m="48746" machi="14" ten="30,2000,0" yaku="18,1,54,1" doraHai="50" who="1" fromWho="1" sc="301,-5,213,20,198,-5,288,-10" /><INIT seed="8,0,0,2,3,40" ten="296,233,193,278" oya="0" hai0="128,30,90,26,77,0,39,48,110,76,65,50,133" hai1="107,115,38,69,131,103,84,114,81,5,78,91,9" hai2="27,85,86,6,54,2,55,88,11,41,132,75,70" hai3="59,12,37,109,113,98,105,35,97,104,73,20,100"/><T7/><D110/><U66/><E38/><V117/><F75/><W24/><G37/><T1/><D39/><U126/><E66/><V17/><F132/><W31/><G109/><T92/><D65/><U32/><E32/><V60/><F41/><W53/><G73/><T79/><D133/><U80/><E69/><V14/><F117/><W62/><G113/><N who="1" m="43018" /><E5/><V121/><F121/><W19/><G98/><T135/><D135/><U34/><E34/><V13/><F86/><W21/><G35/><T42/><D128/><U123/><E9/><V15/><F27/><W47/><G47/><N who="0" m="25719" /><D0/><U8/><E8/><V33/><F33/><W122/><G122/><T51/><D1/><U74/><E123/><V10/><F55/><W45/><G45/><T72/><D72/><U56/><E56/><V95/><REACH who="2" step="1"/><F54/><REACH who="2" ten="296,233,183,278" step="2"/><W82/><REACH who="3" step="1"/><G82/><REACH who="3" ten="296,233,183,268" step="2"/><T116/><D116/><U28/><E28/><V112/><F112/><W36/><G36/><T87/><D7/><U129/><E126/><V4/><F4/><W94/><AGARI ba="0,2" hai="12,19,20,21,24,31,53,59,62,94,97,100,104,105" machi="94" ten="20,2700,0" yaku="1,1,0,1,7,1,53,0" doraHai="40" doraHaiUra="127" who="3" fromWho="3" sc="296,-13,233,-7,183,-7,268,47" owari="283,8,226,-17,176,-32,315,41" /></mjloggm>