<mjloggm ver="2.3"><GO type="137" lobby="0"/><UN n0="%E3%81%AE%E3%82%8D%E3%81%BE%E3%81%AA%E5%B1%B1%E6%A4%92%E9%AD%9A" n1="%E6%99%A8%E6%98%8F%E5%B0%8D%E5%B3%99" n2="%E7%95%99%E8%90%8C" n3="%E3%83%88%E3%82%A4%E3%83%84%E3%83%9E%E3%82%B9%E3%82%BF%E3%83%BC" dan="13,12,10,13" rate="1752.31,1827.02,1521.53,1692.03" sx="M,M,F,M"/><TAIKYOKU oya="0"/><INIT seed="0,0,0,1,2,42" ten="250,250,250,250" oya="0" hai0="96,4,68,71,40,59,92,126,38,134,11,56,100" hai1="52,87,76,39,82,114,103,86,79,65,129,36,32" hai2="105,95,132,6,135,1,102,13,73,27,108,5,112" hai3="55,62,89,133,78,122,106,70,53,47,18,97,43"/><T3/><D134/><U84/><E32/><V61/><F73/><W75/><G133/><N who="2" m="51273" /><F112/><W60/><G122/><T37/><D126/><U30/><E30/><V50/><F105/><W64/><G75/><T33/><D33/><U121/><E121/><V83/><F108/><W77/><G77/><T123/><D123/><U67/><E129/><V58/><F27/><W94/><G78/><N who="1" m="29738" /><E114/><V85/><F1/><W99/><G60/><T131/><D131/><U23/><E23/><V69/><F69/><W113/><G113/><T120/><D120/><U22/><E22/><V48/><F102/><W44/><G18/><T107/><D92/><U0/><E0/><V63/><F95/><W29/><G29/><T98/><D98/><U115/><E115/><V66/><F13/><W80/><G80/><T127/><D127/><U125/><E125/><V7/><F63/><W28/><G28/><T111/><D111/><U9/><E103/><V2/><F2/><W74/><G74/><T16/><D71/><U104/><E104/><V24/><F24/><W128/><G128/><T34/><D34/><U35/><E35/><V15/><F15/><W110/><G110/><T101/><D101/><U119/><E9/><V21/><F21/><W51/><G106/><T124/><D124/><U116/><E82/><V19/><F19/><W88/><G99/><T54/><D68/><U91/><E91/><AGARI ba="0,0" hai="5,6,7,48,50,58,61,66,83,85,91" m="51273" machi="91" ten="30,1000,0" yaku="20,1" doraHai="42" who="2" fromWho="1" sc="250,0,250,-10,250,10,250,0" /><INIT seed="1,0,0,1,3,98" ten="250,240,260,250" oya="1" hai0="113,74,4,21,5,56,129,19,116,135,35,23,67" hai1="90,48,103,85,16,114,39,30,43,105,25,64,33" hai2="109,134,41,15,66,69,104,12,94,133,100,108,125" hai3="14,122,102,119,62,18,71,83,117,13,10,58,112"/><U61/><E114/><V63/><F104/><W70/><G112/><T59/><D113/><U127/><E127/><V50/><F125/><W84/><G122/><T27/><D35/><U57/><E48/><V0/><F0/><W132/><G132/><N who="2" m="50793" /><F41/><W87/><G87/><T106/><D135/><U93/><E43/><V101/><F50/><W2/><G2/><T8/><D74/><U82/><E39/><V65/><F65/><W1/><G1/><T97/><D8/><U60/><E60/><V38/><F38/><W26/><G26/><T76/><D76/><U22/><E105/><V32/><F32/><W131/><G131/><T53/><D67/><U37/><E37/><V3/><F3/><W78/><G14/><N who="2" m="5161" /><F94/><W6/><G6/><T24/><D59/><U49/><E49/><V11/><F11/><W89/><G78/><T42/><D42/><U52/><E33/><V40/><F40/><W79/><G79/><T86/><D86/><U88/><E103/><AGARI ba="0,0" hai="63,66,69,100,101,103,108,109" m="5161,50793" machi="103" ten="30,7700,0" yaku="20,1,52,3" doraHai="98" who="2" fromWho="1" sc="250,0,240,-77,260,77,250,0" /><INIT seed="2,0,0,4,4,122" ten="250,163,337,250" oya="2" hai0="67,38,23,82,85,33,125,132,114,66,37,5,115" hai1="100,18,7,29,84,103,69,59,16,109,62,45,47" hai2="101,135,102,4,1,88,113,79,55,39,90,80,128" hai3="48,118,112,94,104,110,30,63,15,133,92,93,6"/><V120/><F113/><W11/><G104/><T8/><D33/><U123/><E123/><V0/><F120/><W17/><G112/><T99/><D132/><U70/><E7/><V130/><F39/><W22/><G133/><T9/><D99/><U14/><E29/><V89/><F135/><W50/><G118/><T83/><D85/><U10/><E84/><N who="2" m="48159" /><F4/><W35/><G63/><T51/><D51/><U126/><E62/><V12/><F12/><W56/><G56/><T65/><D5/><U73/><E59/><V41/><F41/><W49/><G30/><T86/><D86/><U3/><E3/><N who="2" m="1099" /><F55/><W77/><G35/><T131/><D67/><U53/><E53/><V64/><F64/><W31/><G31/><T19/><D19/><U21/><E73/><V2/><N who="2" m="1107" /><V54/><DORA hai="72" /><F54/><W52/><G77/><T78/><D23/><U71/><E21/><V105/><F105/><W108/><REACH who="3" step="1"/><G52/><REACH who="3" ten="250,163,337,240" step="2"/><T127/><REACH who="0" step="1"/><D78/><REACH who="0" ten="240,163,337,240" step="2"/><U57/><E57/><V111/><F111/><W61/><G61/><T25/><D25/><AGARI ba="0,2" hai="6,11,15,17,22,25,48,49,50,92,93,94,108,110" machi="25" ten="40,5200,0" yaku="1,1,52,2,53,0" doraHai="122,72" doraHaiUra="58,95" who="3" fromWho="0" sc="240,-52,163,0,337,0,240,72" /><INIT seed="3,0,0,2,1,31" ten="188,163,337,312" oya="3" hai0="53,101,34,114,39,77,120,87,108,75,112,7,80" hai1="15,24,63,16,65,22,117,92,13,135,27,0,68" hai2="127,36,78,71,9,17,33,23,5,93,19,79,10" hai3="72,73,38,126,3,29,107,41,102,97,74,129,25"/><W123/><G123/><T43/><D120/><U81/><E135/><V28/><F36/><W18/><G18/><T109/><D7/><U50/><E0/><V106/><F71/><W47/><G126/><T52/><D101/><U98/><E117/><V35/><F106/><W20/><G129/><T49/><D75/><U62/><E62/><V96/><F127/><W69/><G69/><T44/><D34/><U121/><E121/><V6/><F79/><W57/><G57/><T95/><D95/><U116/><E116/><V132/><F132/><W110/><G110/><T104/><D104/><U60/><E60/><V32/><F78/><W85/><G85/><T21/><D21/><U56/><E68/><V105/><F105/><W48/><G3/><T115/><REACH who="0" step="1"/><D39/><REACH who="0" ten="178,163,337,312" step="2"/><U134/><E134/><V125/><F93/><W51/><AGARI ba="0,1" hai="20,25,29,38,41,47,48,51,72,73,74,97,102,107" machi="51" ten="40,2100,0" yaku="0,1" doraHai="31" who="3" fromWho="3" sc="178,-7,163,-7,337,-7,312,31" /><INIT seed="3,1,0,0,4,83" ten="171,156,330,343" oya="3" hai0="108,96,103,18,8,64,3,98,16,69,6,129,0" hai1="9,30,124,109,10,42,51,27,1,21,13,29,70" hai2="112,48,19,12,32,81,15,46,116,75,111,102,93" hai3="84,117,78,101,128,40,71,47,95,31,26,4,43"/><W114/><G71/><T58/><D69/><U54/><E70/><V56/><F116/><W97/><G117/><T132/><D108/><U41/><E109/><V7/><F112/><W123/><G114/><T91/><D132/><U86/><E124/><V72/><F111/><W131/><G123/><T50/><D98/><U20/><E1/><V66/><F32/><W120/><G4/><T85/><D129/><U115/><E115/><V37/><F37/><W104/><G120/><T88/><D3/><U126/><E126/><V76/><F75/><W82/><G95/><T24/><D91/><U121/><E121/><V44/><F66/><W135/><G135/><T55/><D64/><U113/><E113/><V28/><F28/><W38/><REACH who="3" step="1"/><G40/><REACH who="3" ten="171,156,330,333" step="2"/><T90/><D90/><U57/><E30/><V2/><F7/><W5/><G5/><T107/><D24/><U79/><E13/><V65/><F12/><W67/><G67/><T14/><D0/><U62/><E20/><AGARI ba="1,1" hai="20,26,31,38,43,47,78,82,84,97,101,104,128,131" machi="20" ten="40,3900,0" yaku="1,1,52,1,53,0" doraHai="83" doraHaiUra="89" who="3" fromWho="1" sc="171,0,156,-42,330,0,333,52" /><INIT seed="3,2,0,5,3,7" ten="171,114,330,385" oya="3" hai0="121,78,5,31,56,64,89,132,115,104,92,54,113" hai1="112,13,48,100,15,41,97,117,75,50,110,66,37" hai2="39,6,108,131,62,130,119,49,19,87,90,34,101" hai3="125,95,27,53,46,102,38,73,23,61,35,124,83"/><W123/><G35/><T20/><D121/><U32/><E75/><V84/><F119/><W63/><G123/><T25/><D104/><U30/><E110/><V47/><F39/><W8/><G102/><T85/><D132/><U96/><E112/><V69/><F101/><W12/><G95/><T68/><D78/><U45/><E117/><V51/><F34/><W16/><G83/><T4/><D64/><U99/><E66/><V106/><F106/><W126/><G73/><T26/><D26/><U9/><E30/><V114/><F114/><N who="0" m="43530" /><D68/><U29/><E32/><V1/><F108/><W86/><G86/><T111/><D111/><U24/><E29/><V118/><F118/><W21/><G21/><T43/><D43/><U33/><E33/><V107/><F107/><W60/><G38/><T70/><D70/><U76/><E24/><V44/><F69/><W94/><G94/><T52/><D54/><U3/><E76/><V59/><F19/><W79/><G79/><T81/><D92/><U129/><E129/><N who="2" m="49163" /><F1/><W80/><G80/><T55/><D55/><U109/><E109/><V10/><F6/><W128/><G128/><T116/><D116/><U103/><E3/><V88/><F10/><W134/><G134/><T0/><D0/><U105/><E105/><V18/><F18/><N who="3" m="12791" /><G46/><N who="2" m="17449" /><F62/><AGARI ba="2,0" hai="4,5,20,25,31,52,56,62,81,85,89" m="43530" machi="62" ten="30,2000,0" yaku="11,1,54,1" doraHai="7" who="0" fromWho="2" sc="171,26,114,0,330,-26,385,0" /><INIT seed="4,0,0,3,5,36" ten="197,114,304,385" oya="0" hai0="6,83,61,28,117,81,72,125,82,86,57,71,29" hai1="98,85,69,51,130,123,42,5,122,32,110,126,80" hai2="87,41,109,107,52,84,63,16,74,25,11,113,60" hai3="0,12,59,64,88,50,103,58,90,49,40,44,30"/><T47/><D117/><U78/><E69/><V108/><F74/><W62/><G0/><T38/><D71/><U135/><E32/><V54/><F107/><W79/><G103/><T70/><D70/><U94/><E110/><V1/><F109/><W15/><G30/><T102/><D125/><U104/><E126/><V10/><F108/><W97/><G79/><T131/><D72/><U95/><E130/><V76/><F113/><W75/><G75/><T118/><D131/><U13/><E135/><V33/><F1/><W22/><G97/><T120/><D120/><U121/><E104/><V21/><F41/><W23/><G12/><T99/><D6/><U20/><E98/><V53/><F33/><W127/><G127/><T112/><D112/><U111/><E111/><V116/><F116/><W128/><G128/><T17/><D17/><U89/><E89/><V3/><F3/><W18/><G23/><T8/><D8/><N who="2" m="3114" /><F76/><W24/><G15/><T34/><D34/><U91/><E91/><V105/><F105/><W26/><G26/><T7/><D7/><U19/><REACH who="1" step="1"/><E5/><REACH who="1" ten="197,104,304,385" step="2"/><V4/><F4/><W134/><G134/><T132/><D132/><U114/><E114/><V66/><F66/><W45/><G58/><T14/><D118/><U68/><E68/><V93/><F93/><W67/><G67/><N who="0" m="39343" /><D99/><U119/><E119/><V92/><F92/><W133/><G133/><T100/><D100/><U65/><E65/><V37/><F37/><W96/><G96/><T48/><D102/><U56/><E56/><V9/><N who="2" m="3122" /><V39/><DORA hai="43" /><F39/><W46/><G40/><RYUUKYOKU ba="0,1" sc="197,-30,104,10,304,10,385,10" hai1="13,19,20,42,51,78,80,85,94,95,121,122,123" hai2="16,21,25,52,53,54,60,63,84,87" hai3="18,22,24,44,45,46,49,50,59,62,64,88,90" /><INIT seed="5,1,1,0,2,23" ten="167,114,314,395" oya="1" hai0="46,118,99,73,43,11,6,28,75,56,67,76,82" hai1="92,41,49,71,20,102,63,68,37,126,9,27,123" hai2="96,72,60,12,116,83,57,114,69,8,130,29,135" hai3="14,70,55,24,78,103,119,131,108,93,84,91,31"/><U5/><E123/><V105/><F116/><W125/><G70/><T95/><D118/><U21/><E126/><V34/><F69/><W44/><G119/><T30/><D75/><U89/><E37/><V61/><F114/><W35/><G125/><T128/><D128/><U90/><E68/><V18/><F135/><W39/><G131/><T129/><D129/><U38/><E38/><V94/><F130/><W15/><G108/><T106/><D106/><U85/><E71/><V52/><F105/><W54/><G103/><T87/><D56/><U112/><E63/><V122/><F122/><W74/><G74/><T100/><D67/><U3/><E112/><V47/><F72/><W77/><G39/><T17/><D17/><U121/><E121/><V48/><F83/><W2/><G2/><T101/><D101/><U53/><E41/><V40/><F34/><W124/><G124/><T50/><D73/><U33/><E102/><N who="2" m="60695" /><F29/><W13/><G44/><T86/><REACH who="0" step="1"/><D87/><REACH who="0" ten="157,114,314,395" step="2"/><U107/><E107/><V117/><F117/><W97/><G84/><T36/><D36/><U59/><REACH who="1" step="1"/><E90/><REACH who="1" ten="157,104,314,395" step="2"/><V22/><F8/><W115/><G115/><T134/><D134/><U42/><E42/><V120/><F120/><W51/><G51/><AGARI ba="1,3" hai="12,18,22,40,47,48,51,52,57,60,61" m="60695" machi="51" ten="30,2000,0" yaku="8,1,54,1" doraHai="23" who="2" fromWho="3" sc="157,0,104,0,314,53,395,-23" /><INIT seed="6,0,0,2,1,72" ten="157,104,367,372" oya="2" hai0="81,101,111,39,30,13,68,0,67,94,54,112,96" hai1="103,121,29,106,118,58,12,34,44,51,99,46,84" hai2="63,57,50,80,43,42,48,17,14,23,90,93,55" hai3="4,122,89,61,28,35,95,109,132,5,75,83,2"/><V87/><REACH who="2" step="1"/><F80/><REACH who="2" ten="157,104,357,372" step="2"/><W128/><G83/><T69/><D111/><U124/><E124/><V11/><F11/><W70/><G109/><T104/><D112/><U26/><E118/><V120/><F120/><W25/><G122/><T52/><D81/><U49/><E121/><V37/><F37/><W41/><G132/><T9/><D39/><U86/><E58/><V53/><F53/><W113/><G113/><T8/><D69/><U38/><E38/><V60/><F60/><W36/><G61/><T119/><D119/><U74/><E74/><V125/><F125/><W45/><G75/><T7/><D67/><U66/><E66/><V21/><F21/><W20/><G70/><T76/><D68/><U79/><E12/><V59/><F59/><W130/><G20/><T22/><D22/><U62/><E62/><V126/><F126/><W47/><G47/><T73/><D104/><U133/><E133/><V115/><F115/><W78/><G45/><T107/><D107/><U129/><E129/><V98/><F98/><W19/><G36/><T16/><D9/><U110/><E110/><V1/><F1/><W131/><G2/><T102/><D0/><U24/><E24/><V33/><F33/><W27/><G131/><T82/><D8/><U92/><E46/><V65/><F65/><W56/><G56/><T77/><D13/><U123/><E123/><V108/><F108/><W64/><G64/><T6/><D96/><U15/><E15/><V127/><F127/><W3/><G130/><T85/><D73/><U100/><E44/><V18/><F18/><W105/><G128/><RYUUKYOKU ba="0,1" sc="157,-10,104,-10,357,30,372,-10" hai2="14,17,23,42,43,48,50,55,57,63,87,90,93" /><INIT seed="6,1,1,2,1,90" ten="147,94,387,362" oya="2" hai0="118,14,20,110,100,51,88,56,124,112,82,105,126" hai1="9,30,33,5,69,47,108,74,54,6,43,28,32" hai2="12,52,135,85,48,17,123,23,49,106,116,71,58" hai3="103,4,130,81,29,107,92,97,40,61,26,41,133"/><V11/><F123/><W87/><G133/><T113/><D110/><U2/><E108/><V65/><F116/><W72/><G130/><T104/><D118/><U57/><E69/><V73/><F73/><W120/><G120/><T42/><D42/><U86/><E74/><V8/><F106/><W64/><G4/><T115/><D100/><U0/><E86/><V62/><F135/><W91/><G72/><T53/><D14/><U31/><E43/><V93/><REACH who="2" step="1"/><F48/><REACH who="2" ten="147,94,377,362" step="2"/><W7/><G107/><T84/><REACH who="0" step="1"/><D20/><REACH who="0" ten="137,94,377,362" step="2"/><U67/><E54/><V18/><F18/><W128/><G128/><T129/><D129/><U46/><E67/><V36/><F36/><W44/><G7/><N who="1" m="2570" /><E57/><V45/><F45/><N who="1" m="16905" /><E9/><V25/><F25/><W21/><G44/><T96/><D96/><U95/><E95/><V119/><F119/><W37/><G37/><T134/><D134/><U99/><E99/><V94/><F94/><W1/><G1/><AGARI ba="1,3" hai="0,1,2,28,30,31,32,33" m="16905,2570" machi="1" ten="40,2600,0" yaku="28,2" doraHai="90" who="1" fromWho="3" sc="137,0,94,59,377,0,362,-29" /><INIT seed="7,0,0,1,3,0" ten="137,153,377,333" oya="3" hai0="4,42,32,103,108,63,34,85,52,125,6,126,13" hai1="3,38,130,97,25,77,70,109,35,64,51,120,16" hai2="95,30,2,18,39,62,59,132,113,44,127,86,60" hai3="58,57,100,121,23,11,47,29,55,61,9,89,104"/><W115/><G121/><T41/><D108/><U102/><E109/><V122/><F122/><W133/><G133/><T118/><D118/><U110/><E110/><V28/><F132/><W17/><G115/><T119/><D119/><U101/><E120/><V96/><F113/><W84/><G29/><T49/><D63/><U112/><E112/><V43/><F127/><N who="0" m="48650" /><D103/><U111/><E111/><V26/><F2/><W7/><G100/><T124/><D85/><U69/><E38/><V79/><F79/><W65/><G47/><T56/><N who="0" m="48658" /><T67/><DORA hai="46" /><D13/><U10/><E130/><V80/><F18/><W8/><G104/><T53/><D67/><U135/><E135/><V1/><F1/><W20/><G17/><T19/><D53/><U92/><E35/><N who="0" m="13353" /><D19/><U93/><E3/><V99/><F30/><W54/><G7/><AGARI ba="0,0" hai="4,6,7,41,42,49,52,56" m="13353,48658" machi="7" ten="50,12000,2" yaku="18,1,52,4,54,1" doraHai="0,46" who="0" fromWho="3" sc="137,120,153,0,377,0,333,-120" owari="257,6,153,-35,377,48,213,-19" /></mjloggm>