<mjloggm ver="2.3"><GO type="137" lobby="0"/><UN n0="%E7%95%99%E8%90%8C" n1="%E2%98%85%73%75%7A%75%E2%98%86" n2="%6B%67%30%30%36%32" n3="%E3%81%BE%E3%81%AA%E3%81%AA" dan="12,12,12,13" rate="1598.79,1684.15,1655.98,1761.46" sx="F,F,M,M"/><TAIKYOKU oya="0"/><INIT seed="0,0,0,0,2,40" ten="250,250,250,250" oya="0" hai0="14,48,106,50,20,95,28,42,65,108,117,9,36" hai1="131,52,76,26,43,98,12,19,86,115,90,116,25" hai2="39,135,102,38,122,35,109,7,72,126,105,24,49" hai3="68,54,120,30,118,69,77,110,56,112,59,32,75"/><T2/><D106/><U107/><E116/><V17/><F122/><W18/><G118/><T134/><D117/><U114/><E76/><V55/><F72/><W81/><G120/><T94/><D65/><U34/><E131/><V128/><F128/><W29/><G112/><N who="1" m="43050" /><E34/><V85/><F135/><W10/><G110/><T23/><D134/><U37/><E107/><V99/><F7/><W6/><G59/><T0/><D108/><U27/><E98/><V5/><F109/><W121/><G121/><T92/><D36/><U87/><E37/><V44/><F5/><W58/><G58/><T15/><D42/><U124/><E43/><V1/><F1/><N who="0" m="618" /><D28/><U89/><E124/><V83/><F126/><W130/><G130/><T84/><D84/><N who="1" m="32299" /><E52/><V13/><F35/><W127/><G127/><T63/><D63/><U22/><AGARI ba="0,0" hai="12,19,22,25,26,27,89,90" m="32299,43050" machi="22" ten="40,1500,0" yaku="11,1" doraHai="40" who="1" fromWho="1" sc="250,-7,250,15,250,-4,250,-4" /><INIT seed="1,0,0,4,3,59" ten="243,265,246,246" oya="1" hai0="96,54,87,24,31,55,97,49,69,8,80,42,94" hai1="110,125,12,9,2,99,119,64,36,44,92,98,84" hai2="122,71,123,66,30,35,28,62,32,131,65,29,52" hai3="134,108,48,46,88,40,51,26,39,83,7,43,19"/><U16/><E119/><V47/><F66/><W11/><G108/><T14/><D69/><U57/><E2/><V115/><F115/><W73/><G134/><T63/><D63/><N who="1" m="37999" /><E36/><V10/><F131/><W90/><G43/><T113/><D113/><U27/><E110/><V81/><F81/><W72/><G72/><T103/><D96/><U104/><E104/><V38/><F123/><W61/><G61/><T101/><D31/><U77/><E125/><V6/><F122/><W75/><G75/><T37/><D37/><U128/><E128/><V56/><F47/><W50/><G19/><N who="0" m="8647" /><D24/><U76/><E44/><V70/><F70/><W91/><G26/><T100/><D42/><U132/><E132/><V114/><F38/><W118/><G118/><T105/><D105/><U102/><E27/><V13/><REACH who="2" step="1"/><F114/><REACH who="2" ten="243,265,236,246" step="2"/><W41/><G41/><T0/><D0/><U79/><E99/><V111/><F111/><W34/><G34/><T129/><D129/><U58/><E58/><V109/><F109/><W130/><G130/><T78/><D49/><AGARI ba="0,1" hai="6,10,13,28,29,30,32,35,49,52,56,62,65,71" machi="49" ten="40,5200,0" yaku="1,1,52,1,54,1,53,0" doraHai="59" doraHaiUra="106" who="2" fromWho="0" sc="243,-52,265,0,236,62,246,0" /><INIT seed="2,0,0,1,0,129" ten="191,265,298,246" oya="2" hai0="6,7,43,57,85,28,80,72,82,117,69,71,55" hai1="32,31,98,126,91,45,106,93,77,14,74,90,38" hai2="130,59,102,64,34,15,25,30,39,9,65,127,50" hai3="119,22,70,107,125,109,12,92,121,2,53,49,95"/><V8/><F39/><W111/><G119/><T96/><D117/><U81/><E126/><V0/><F130/><W63/><G121/><T46/><D28/><U18/><E38/><V17/><F127/><W124/><G107/><T13/><D72/><U20/><E106/><V89/><F102/><W52/><G125/><T116/><D116/><U75/><E74/><V27/><F27/><W115/><G115/><T19/><D69/><U135/><E45/><V68/><F68/><W133/><G2/><T123/><D123/><U132/><REACH who="1" step="1"/><E90/><REACH who="1" ten="191,255,298,246" step="2"/><V47/><F89/><W104/><G104/><T16/><D71/><U4/><E4/><V67/><F59/><W87/><G124/><T88/><D6/><U101/><E101/><V42/><REACH who="2" step="1"/><F0/><REACH who="2" ten="191,255,288,246" step="2"/><W23/><G70/><T134/><D134/><U33/><E33/><V5/><F5/><W99/><G133/><T1/><D7/><U108/><E108/><V58/><F58/><N who="3" m="35271" /><G111/><T61/><D1/><U103/><E103/><V73/><F73/><W24/><G109/><T114/><D114/><U83/><E83/><V41/><F41/><W35/><G35/><T97/><D80/><U21/><E21/><AGARI ba="0,2" hai="8,9,15,17,21,25,30,34,42,47,50,64,65,67" machi="21" ten="40,2000,0" yaku="1,1,53,0" doraHai="129" doraHaiUra="84" who="2" fromWho="1" sc="191,0,255,-20,288,40,246,0" /><INIT seed="2,1,0,3,0,78" ten="191,235,328,246" oya="2" hai0="38,101,56,96,118,3,132,129,107,55,80,95,125" hai1="64,112,104,50,8,63,12,126,77,43,41,39,21" hai2="1,106,11,114,121,32,89,17,122,36,35,97,102" hai3="45,86,49,60,6,111,113,67,100,79,116,54,42"/><V65/><F36/><W44/><G116/><T47/><D3/><U46/><E112/><V110/><F114/><W10/><G113/><T70/><D70/><U53/><E104/><V66/><F110/><W30/><G111/><T20/><D118/><U119/><E119/><V48/><F48/><W108/><G108/><T91/><D125/><U134/><E126/><V75/><F75/><W23/><G100/><T81/><D129/><U7/><E134/><V87/><F122/><W135/><G135/><T15/><D132/><U124/><E124/><V28/><F121/><W73/><G73/><T128/><D128/><U83/><E21/><V68/><F68/><W37/><G30/><T72/><D72/><U74/><E39/><V130/><F130/><W92/><G23/><T69/><D69/><AGARI ba="1,0" hai="7,8,12,41,43,46,50,53,63,64,69,74,77,83" machi="69" ten="30,2000,0" yaku="7,1,52,1" doraHai="78" who="1" fromWho="0" sc="191,-23,235,23,328,0,246,0" /><INIT seed="3,0,0,5,3,118" ten="168,258,328,246" oya="3" hai0="130,103,40,51,95,54,50,93,3,99,85,66,124" hai1="79,84,120,82,29,14,26,16,12,59,20,91,1" hai2="35,8,60,121,134,41,106,69,67,55,72,30,7" hai3="22,131,128,122,53,5,113,27,47,94,119,101,15"/><W102/><G119/><T80/><D3/><U115/><E1/><V11/><F72/><W89/><G113/><T44/><D66/><U100/><E115/><V28/><F134/><W77/><G77/><N who="0" m="46223" /><D130/><N who="3" m="49705" /><G122/><T49/><D124/><U65/><E100/><V46/><F11/><N who="3" m="4591" /><G53/><T135/><D135/><U83/><E120/><V9/><F106/><W97/><G47/><T48/><D93/><U36/><E36/><V21/><F55/><AGARI ba="0,0" hai="40,44,48,49,50,51,54,55,95,99,103" m="46223" machi="55" ten="30,1000,0" yaku="8,1" doraHai="118" who="0" fromWho="2" sc="168,10,258,0,328,-10,246,0" /><INIT seed="4,0,0,5,2,104" ten="178,258,318,246" oya="0" hai0="108,61,77,70,115,57,48,125,1,106,105,6,18" hai1="58,49,95,129,117,12,30,38,17,97,7,130,96" hai2="21,128,52,32,81,118,65,75,41,107,101,103,55" hai3="132,37,34,5,39,82,91,110,64,94,78,9,92"/><T14/><D106/><U68/><E38/><V2/><F2/><W10/><G34/><T85/><D105/><U122/><E117/><V4/><F32/><W98/><G110/><T56/><D70/><U36/><E36/><V19/><F118/><W23/><G132/><T11/><D108/><U134/><E68/><V16/><F4/><W121/><G121/><T112/><D125/><U100/><E134/><V8/><F41/><W93/><G39/><T69/><D69/><U66/><E122/><V45/><F65/><W22/><G37/><T126/><D126/><U35/><E35/><V87/><F128/><N who="1" m="49257" /><E30/><V59/><F107/><W51/><G64/><T131/><D131/><U114/><E114/><N who="0" m="43561" /><D85/><U60/><E7/><V89/><F75/><W135/><G135/><T3/><D77/><U83/><E97/><V109/><F109/><W47/><G10/><T46/><D18/><N who="2" m="6698" /><F8/><W15/><G22/><T27/><D27/><U74/><E49/><N who="2" m="28719" /><F21/><W84/><REACH who="3" step="1"/><G23/><REACH who="3" ten="178,258,318,236" step="2"/><T63/><D11/><N who="1" m="6303" /><E83/><V116/><F116/><W54/><AGARI ba="0,1" hai="5,9,15,47,51,54,78,82,84,91,92,93,94,98" machi="54" ten="20,5200,0" yaku="1,1,0,1,7,1,8,1,53,0" doraHai="104" doraHaiUra="31" who="3" fromWho="3" sc="178,-26,258,-13,318,-13,236,62" /><INIT seed="5,0,0,4,3,94" ten="152,245,305,298" oya="1" hai0="109,85,30,133,99,74,20,72,108,32,63,83,9" hai1="60,121,66,91,130,46,58,80,110,44,73,61,93" hai2="1,127,4,36,34,126,135,65,21,26,2,19,27" hai3="18,124,113,16,47,107,75,41,5,67,55,42,78"/><U29/><E121/><V49/><F36/><W122/><G122/><T48/><D108/><U70/><E110/><V69/><F65/><W129/><G124/><T39/><D109/><U125/><E125/><N who="2" m="47627" /><F69/><W103/><G113/><T114/><D39/><U132/><E132/><V115/><F49/><W25/><G129/><T0/><D114/><U116/><E130/><V71/><F115/><W95/><G107/><T13/><D133/><U131/><E116/><V43/><F71/><W31/><G5/><T22/><D0/><U37/><E131/><V111/><F43/><W51/><G78/><T11/><D63/><U118/><E37/><V3/><F111/><W38/><G75/><T50/><D74/><U14/><E118/><V112/><F112/><W53/><G42/><T88/><D72/><U97/><E29/><N who="2" m="19767" /><F135/><W59/><G55/><T40/><D40/><U92/><E14/><V10/><AGARI ba="0,0" hai="1,2,3,4,10,19,21,27" m="19767,47627" machi="10" ten="30,4000,0" yaku="18,1,34,2" doraHai="94" who="2" fromWho="2" sc="152,-10,245,-20,305,40,298,-10" /><INIT seed="6,0,0,0,3,118" ten="142,225,345,288" oya="2" hai0="119,81,72,99,84,77,49,132,19,91,7,29,133" hai1="13,68,56,76,25,15,35,58,71,89,122,61,120" hai2="14,92,27,6,135,42,80,50,39,44,59,11,16" hai3="4,26,33,31,104,86,103,57,79,97,73,2,87"/><V46/><F135/><N who="0" m="51786" /><D119/><U22/><E76/><V9/><F80/><W83/><G2/><T38/><D29/><U117/><E117/><V95/><F59/><W63/><REACH who="3" step="1"/><G4/><REACH who="3" ten="142,225,345,278" step="2"/><T106/><D7/><U41/><E35/><V113/><F113/><W108/><G108/><T124/><D124/><U67/><E13/><V70/><F27/><W37/><G37/><T90/><D38/><U1/><E1/><V53/><REACH who="2" step="1"/><F70/><REACH who="2" ten="142,225,335,278" step="2"/><W65/><AGARI ba="0,2" hai="26,31,33,57,63,65,73,79,83,86,87,97,103,104" machi="65" ten="20,2700,0" yaku="1,1,0,1,7,1,53,0" doraHai="118" doraHaiUra="114" who="3" fromWho="3" sc="142,-7,225,-7,335,-13,278,47" /><INIT seed="7,0,0,2,4,111" ten="135,218,322,325" oya="3" hai0="74,43,51,34,109,67,17,83,45,95,102,36,64" hai1="37,116,112,39,33,88,91,73,8,68,76,60,54" hai2="135,123,105,99,79,59,58,132,117,103,53,122,15" hai3="128,22,133,24,90,48,78,71,113,52,114,118,2"/><W110/><G118/><T26/><D109/><U3/><E116/><V55/><F117/><W21/><G2/><T4/><D4/><U57/><E112/><N who="3" m="43114" /><G110/><T29/><D74/><U28/><E68/><V89/><F79/><W9/><G71/><T7/><D36/><U20/><E37/><V16/><F89/><W86/><G128/><T46/><D46/><U72/><E39/><V126/><F126/><W120/><G120/><N who="2" m="46121" /><F59/><N who="3" m="33159" /><G133/><N who="2" m="51273" /><F58/><W82/><G9/><AGARI ba="0,0" hai="9,15,16,53,55,99,103,105" m="51273,46121" machi="9" ten="30,3900,0" yaku="13,1,20,1,54,1" doraHai="111" who="2" fromWho="3" sc="135,0,218,0,322,39,325,-39" owari="135,-36,218,-18,361,45,286,9" /></mjloggm>