<mjloggm ver="2.3"><GO type="9" lobby="2170"/><UN n0="%E5%B1%A4%E3%81%AE%E3%82%B3%E3%83%9B%E3%83%A2%E3%83%AD%E3%82%B8%E3%83%BC" n1="%5A%75%74%73%75%6B%69" n2="%E7%95%99%E8%90%8C" n3="%E3%81%B5%E3%81%89%E3%81%8E%E3%83%BC" dan="7,12,11,0" rate="1508.60,1728.27,1561.98,1500.00" sx="M,M,M,M"/><TAIKYOKU oya="0"/><INIT seed="0,0,0,1,1,0" ten="250,250,250,250" oya="0" hai0="71,127,18,10,19,119,98,69,133,3,116,92,89" hai1="57,86,35,36,46,101,28,118,20,74,27,122,64" hai2="56,99,107,43,90,67,96,134,7,129,5,94,81" hai3="97,73,59,47,75,87,82,63,109,80,130,102,1"/><T123/><D123/><U106/><E122/><V132/><F43/><W12/><G47/><T4/><D133/><N who="2" m="51306" /><F129/><W54/><G12/><T55/><D127/><U103/><E118/><V23/><F23/><W17/><G17/><T45/><D116/><U105/><E74/><N who="3" m="28170" /><G1/><T26/><D119/><U100/><E86/><N who="2" m="50511" /><F107/><N who="3" m="63951" /><G63/><T126/><D126/><U16/><E36/><V33/><F33/><W14/><G59/><T21/><REACH who="0" step="1"/><D19/><REACH who="0" ten="240,250,250,250" step="2"/><U53/><E46/><V76/><F67/><W11/><G14/><T108/><D108/><U30/><E64/><V44/><F44/><W58/><G58/><T115/><D115/><U104/><REACH who="1" step="1"/><E35/><REACH who="1" ten="240,240,250,250" step="2"/><V131/><F131/><W38/><G11/><T83/><D83/><N who="3" m="31785" /><G38/><T31/><D31/><U93/><E93/><V124/><F124/><W113/><G109/><T51/><AGARI ba="0,2" hai="3,4,10,18,21,26,45,51,55,69,71,89,92,98" machi="51" ten="30,6000,0" yaku="1,1,0,1,52,1,53,0" doraHai="0" doraHaiUra="62" who="0" fromWho="0" sc="240,80,240,-20,250,-20,250,-20" /><INIT seed="0,1,0,2,0,11" ten="320,220,230,230" oya="0" hai0="12,39,91,134,131,80,6,73,50,128,112,67,76" hai1="124,96,86,45,94,109,44,49,115,106,51,119,10" hai2="69,81,77,72,111,102,16,71,7,54,35,34,116" hai3="85,59,14,114,9,100,65,5,117,57,135,132,123"/><T103/><D112/><U55/><E119/><V56/><F111/><W75/><G75/><T18/><D6/><U92/><E109/><V130/><F116/><W63/><G57/><T33/><D33/><U21/><E115/><V27/><F102/><W47/><G47/><T36/><D134/><N who="3" m="51241" /><G100/><T68/><D68/><U8/><E124/><V22/><F7/><W40/><G40/><T4/><D4/><U15/><E106/><V127/><F127/><W66/><G85/><T118/><D118/><U31/><E31/><V38/><F38/><W41/><G117/><T84/><D103/><U48/><E86/><V120/><F120/><W129/><G114/><T83/><D67/><N who="3" m="25609" /><G41/><T78/><D50/><U98/><E55/><V25/><F130/><N who="0" m="49706" /><D91/><U46/><E21/><AGARI ba="1,0" hai="12,18,21,36,39,73,76,78,80,83,84" m="49706" machi="21" ten="30,2900,0" yaku="19,1,52,1" doraHai="11" who="0" fromWho="1" sc="320,32,220,-32,230,0,230,0" /><INIT seed="0,2,0,2,2,35" ten="352,188,230,230" oya="0" hai0="76,122,53,125,32,27,65,68,100,94,70,85,104" hai1="38,92,33,107,77,26,84,90,126,88,72,71,67" hai2="134,73,83,18,12,114,111,113,102,45,124,43,95" hai3="64,81,42,1,40,129,105,69,2,106,25,15,120"/><T16/><D122/><U47/><E126/><V30/><F124/><W118/><G25/><T14/><D125/><U98/><E107/><N who="3" m="40970" /><G81/><T48/><D104/><U116/><E116/><V51/><F30/><W135/><G15/><T49/><D65/><U66/><E71/><V62/><F114/><W110/><G118/><T123/><D123/><U6/><E6/><V101/><F113/><W103/><G103/><T61/><D61/><U59/><E38/><V58/><F134/><W97/><G97/><T91/><D100/><U78/><E33/><V54/><F111/><W115/><G115/><T37/><D37/><U44/><E26/><V79/><REACH who="2" step="1"/><F95/><REACH who="2" ten="352,188,220,230" step="2"/><W5/><G110/><T22/><D94/><U19/><E72/><V36/><F36/><W17/><G17/><T99/><D16/><U117/><E117/><V21/><AGARI ba="2,1" hai="12,18,21,43,45,51,54,58,62,73,79,83,101,102" machi="21" ten="20,5200,0" yaku="1,1,0,1,7,1,53,1" doraHai="35" doraHaiUra="55" who="2" fromWho="2" sc="352,-28,188,-15,220,68,230,-15" /><INIT seed="1,0,0,2,3,92" ten="324,173,288,215" oya="1" hai0="80,121,15,108,103,48,39,23,97,5,130,61,135" hai1="14,28,26,12,95,43,129,91,107,133,68,85,69" hai2="72,27,8,10,30,31,20,38,0,33,131,57,63" hai3="99,127,113,36,71,134,42,123,116,77,118,45,53"/><U19/><E107/><V67/><F38/><W3/><G99/><T25/><D108/><U51/><E133/><V6/><F72/><W86/><G3/><T93/><D121/><U70/><E129/><V120/><F120/><W82/><G71/><T2/><D130/><U117/><E117/><N who="3" m="45162" /><G53/><T132/><D39/><U76/><E76/><V40/><F40/><W62/><G62/><T11/><D2/><U46/><REACH who="1" step="1"/><E19/><REACH who="1" ten="324,163,288,215" step="2"/><V102/><F131/><W87/><G134/><T114/><D114/><U66/><E66/><V64/><F64/><W9/><G123/><T54/><D61/><U58/><E58/><V106/><F106/><W75/><G127/><T122/><D122/><U111/><E111/><V13/><F102/><W128/><G128/><T105/><D105/><U35/><AGARI ba="0,1" hai="12,14,26,28,35,43,46,51,68,69,70,85,91,95" machi="35" ten="30,3000,0" yaku="1,1,0,1,53,0" doraHai="92" doraHaiUra="1" who="1" fromWho="1" sc="324,-10,163,40,288,-10,215,-10" /><INIT seed="1,1,0,2,0,48" ten="314,203,278,205" oya="1" hai0="0,38,5,36,113,96,21,109,52,30,123,111,77" hai1="57,130,45,87,97,29,60,84,70,112,9,51,72" hai2="89,10,68,32,69,7,128,23,1,2,117,93,88" hai3="39,108,17,59,86,80,58,62,122,74,94,67,14"/><U50/><E112/><V33/><F117/><W28/><G39/><T19/><D123/><U41/><E130/><V82/><F128/><W76/><G122/><T31/><D113/><U26/><E72/><V132/><F132/><W11/><G28/><T105/><D77/><U78/><E70/><V90/><F69/><W8/><G108/><N who="0" m="41547" /><D105/><U99/><E9/><V15/><F68/><W114/><G114/><T43/><D96/><N who="1" m="36939" /><E29/><N who="0" m="10761" /><D43/><N who="1" m="24895" /><E26/><V126/><F126/><W20/><REACH who="3" step="1"/><G58/><REACH who="3" ten="314,203,278,195" step="2"/><T44/><D44/><N who="1" m="25999" /><E78/><V98/><F33/><W46/><G46/><T49/><D0/><U124/><E124/><V100/><F32/><W34/><G34/><T135/><D135/><U16/><E16/><V27/><REACH who="2" step="1"/><F82/><REACH who="2" ten="314,203,268,195" step="2"/><W91/><AGARI ba="1,2" hai="8,11,14,17,20,59,62,67,74,76,80,86,91,94" machi="91" ten="30,4000,0" yaku="1,1,0,1,53,1" doraHai="48" doraHaiUra="85" who="3" fromWho="3" sc="314,-11,203,-21,268,-11,195,63" /><INIT seed="2,0,0,0,1,106" ten="303,182,257,258" oya="2" hai0="131,2,123,16,71,79,72,1,121,18,58,68,20" hai1="17,22,29,97,42,119,124,100,61,9,6,83,128" hai2="11,115,41,65,49,110,98,122,70,54,53,118,102" hai3="5,7,89,94,24,107,63,35,26,125,30,127,33"/><V92/><F122/><W56/><G107/><T44/><D44/><U67/><E119/><V13/><F118/><W91/><G63/><T15/><D131/><U109/><E128/><V50/><F115/><W77/><G56/><T32/><D32/><N who="3" m="12361" /><G77/><T60/><D18/><U38/><E109/><V76/><F76/><W4/><G94/><T82/><D2/><U126/><E38/><V0/><F0/><W75/><G75/><T69/><REACH who="0" step="1"/><D1/><REACH who="0" ten="293,182,257,258" step="2"/><U114/><E42/><V133/><F70/><W90/><G30/><T51/><D51/><U8/><E114/><V129/><F110/><W27/><AGARI ba="0,1" hai="4,5,7,24,26,27,89,90,91,125,127" m="12361" machi="27" ten="40,8000,1" yaku="29,2,28,2" doraHai="106" who="3" fromWho="3" sc="293,-20,182,-20,257,-40,258,90" /><INIT seed="3,0,0,1,0,48" ten="273,162,217,348" oya="3" hai0="41,35,5,128,92,90,57,30,61,36,68,88,9" hai1="77,62,52,126,112,24,133,12,124,10,109,135,86" hai2="28,58,80,33,38,56,29,20,8,100,22,84,50" hai3="39,55,73,65,104,130,3,19,93,72,0,46,75"/><W1/><G19/><T37/><D128/><U96/><E24/><V64/><F38/><W105/><G93/><T59/><D68/><U98/><E10/><V53/><F100/><W6/><G6/><T18/><D41/><U99/><E12/><V79/><F33/><W110/><G65/><T47/><D47/><U117/><E109/><V54/><F8/><W91/><G55/><T70/><D70/><U121/><E121/><V127/><F127/><N who="1" m="48681" /><E112/><V71/><F71/><W44/><G91/><T94/><D18/><U7/><E7/><V89/><F64/><W101/><G110/><T82/><D82/><N who="1" m="47439" /><E117/><V102/><F102/><W115/><G115/><T113/><D113/><U66/><E66/><V49/><REACH who="2" step="1"/><F89/><REACH who="2" ten="273,162,207,348" step="2"/><W13/><G13/><T17/><D88/><U14/><E14/><V111/><F111/><W81/><G101/><T122/><D90/><U43/><E43/><V40/><F40/><N who="3" m="22559" /><G46/><T116/><D116/><U27/><E27/><V4/><F4/><W83/><G130/><T131/><D122/><U125/><N who="1" m="48689" /><U132/><DORA hai="119" /><E62/><V107/><F107/><N who="3" m="41035" /><G83/><T76/><D131/><U42/><E42/><V67/><F67/><W114/><G114/><T16/><D36/><U45/><E45/><V51/><F51/><W69/><G81/><T85/><D37/><U34/><E34/><V21/><AGARI ba="0,1" hai="20,21,22,28,29,49,50,53,54,56,58,79,80,84" machi="21" ten="30,12000,2" yaku="1,1,0,1,9,1,8,1,52,2,53,1" doraHai="48,119" doraHaiUra="106,74" who="2" fromWho="2" sc="273,-30,162,-30,207,130,348,-60" /><INIT seed="4,0,0,5,4,48" ten="243,132,337,288" oya="0" hai0="84,111,133,40,55,21,93,102,60,25,82,9,63" hai1="11,123,6,13,43,132,17,49,99,83,59,28,0" hai2="31,50,69,108,104,72,115,112,119,74,121,34,109" hai3="37,91,101,18,52,27,19,51,16,89,68,88,87"/><T95/><D133/><U44/><E123/><V75/><F121/><W4/><G37/><T46/><D111/><N who="2" m="42570" /><F50/><W128/><G68/><T41/><D9/><U116/><E116/><V79/><F79/><W65/><G65/><T62/><D102/><U35/><E132/><V45/><F45/><N who="3" m="27759" /><G4/><T20/><D55/><U3/><E83/><V125/><F119/><W23/><G101/><T114/><D114/><N who="2" m="43562" /><F69/><W5/><G5/><T73/><D73/><U76/><E76/><V12/><F12/><W10/><G128/><T2/><D2/><U33/><E99/><V57/><F57/><W54/><G54/><T71/><D71/><U1/><E59/><V70/><F70/><W97/><G97/><T58/><D58/><U105/><E105/><V120/><F120/><W36/><G36/><T134/><D134/><U14/><E49/><V124/><F104/><W110/><G110/><T100/><D100/><U64/><E64/><V61/><F61/><W47/><G47/><T94/><D82/><U113/><E44/><V122/><F122/><W86/><G10/><T53/><D84/><AGARI ba="0,0" hai="16,18,19,23,27,84,86,87,88,89,91" m="27759" machi="84" ten="30,8000,1" yaku="8,1,52,1,54,3" doraHai="48" who="3" fromWho="0" sc="243,-80,132,0,337,0,288,80" /><INIT seed="5,0,0,2,2,61" ten="163,132,337,368" oya="1" hai0="130,21,123,90,5,33,112,67,41,30,4,91,81" hai1="75,124,50,0,16,20,49,65,27,14,52,34,22" hai2="54,109,56,28,86,55,101,35,51,42,102,118,25" hai3="111,6,76,125,48,127,8,46,79,98,31,18,131"/><U37/><E37/><V80/><F109/><W32/><G98/><T121/><D130/><U74/><E124/><N who="3" m="47690" /><G131/><T94/><D112/><U133/><E133/><V95/><F118/><W64/><G64/><T24/><D33/><U135/><E135/><V10/><F42/><N who="3" m="24663" /><G18/><T93/><D67/><U47/><E65/><V38/><F38/><W129/><G129/><T40/><D81/><U11/><E0/><V3/><F3/><N who="3" m="95" /><G111/><T58/><D58/><U115/><E115/><V57/><F10/><W68/><G68/><T1/><D1/><U60/><E75/><V7/><F7/><N who="0" m="2634" /><D21/><U99/><E74/><V29/><F29/><W113/><G113/><T9/><D24/><AGARI ba="0,0" hai="24,31,32,76,79" m="95,24663,47690" machi="24" ten="30,1000,0" yaku="18,1" doraHai="61" who="3" fromWho="0" sc="163,-10,132,0,337,0,368,10" /><INIT seed="6,0,0,4,4,17" ten="153,132,337,378" oya="2" hai0="16,31,32,46,24,93,96,121,28,57,128,25,99" hai1="39,106,92,30,58,89,45,115,100,74,15,18,126" hai2="21,80,71,63,38,22,12,111,104,134,51,98,11" hai3="8,40,52,61,35,101,81,59,66,127,112,103,135"/><V131/><F38/><W110/><G35/><T23/><D121/><U109/><E109/><V83/><F111/><W50/><G8/><T82/><D128/><U107/><E126/><V129/><F134/><W68/><G81/><T34/><D46/><U119/><E119/><V10/><F51/><W132/><G110/><T42/><D42/><U14/><E115/><V44/><F44/><N who="3" m="25863" /><G103/><T20/><D57/><U67/><E74/><V36/><F36/><W118/><G101/><T94/><REACH who="0" step="1"/><D82/><REACH who="0" ten="143,132,337,378" step="2"/><U49/><E39/><V88/><F71/><W62/><G118/><T56/><D56/><U113/><E113/><V90/><F63/><N who="3" m="36327" /><G112/><T116/><D116/><U133/><E67/><V7/><F80/><W130/><G127/><T1/><D1/><U9/><E58/><V76/><F83/><W27/><G130/><N who="2" m="49673" /><F76/><W108/><G108/><T75/><D75/><U117/><E133/><N who="3" m="51274" /><G27/><T72/><D72/><U102/><E117/><V26/><F26/><W125/><G125/><T43/><D43/><U86/><E107/><V70/><F104/><W87/><G87/><T124/><D124/><U37/><E106/><V0/><F70/><W85/><G85/><T69/><D69/><U41/><E37/><V54/><F54/><W91/><G91/><N who="2" m="34857" /><F98/><W13/><G13/><T114/><D114/><U6/><REACH who="1" step="1"/><E30/><REACH who="1" ten="143,122,337,378" step="2"/><V95/><F95/><W123/><G123/><T3/><D3/><U4/><E4/><AGARI ba="0,2" hai="0,4,7,10,11,12,21,22" m="34857,49673" machi="4" ten="30,11600,0" yaku="19,1,52,2,54,1" doraHai="17" who="2" fromWho="1" sc="143,0,122,-116,337,136,378,0" /><INIT seed="6,1,0,1,1,14" ten="143,6,473,378" oya="2" hai0="5,22,125,23,70,63,118,64,93,135,56,9,120" hai1="40,133,122,130,38,61,27,0,18,99,119,44,112" hai2="62,132,94,25,101,82,85,16,47,32,7,102,96" hai3="15,134,103,106,84,29,13,104,55,3,110,68,4"/><V59/><F132/><W83/><G68/><T88/><D120/><U2/><E112/><V36/><F36/><W43/><G55/><T60/><D135/><U6/><E122/><V124/><F124/><W127/><G43/><T95/><D118/><U31/><E119/><V109/><F109/><W48/><G134/><T126/><D95/><U116/><E133/><V72/><F72/><W108/><G48/><T123/><D123/><U20/><E116/><V76/><F32/><W69/><G69/><T113/><D113/><U121/><E121/><V65/><F47/><W33/><G103/><T115/><D115/><U12/><E130/><V54/><F7/><W45/><G45/><T49/><D49/><U39/><E39/><V87/><F87/><W81/><G84/><T100/><D100/><U77/><E38/><V34/><F34/><W41/><G41/><T107/><D107/><N who="3" m="41001" /><G127/><T97/><D126/><U24/><E0/><V42/><F42/><W53/><G53/><T131/><D131/><U11/><E77/><V58/><F58/><W78/><G3/><T71/><D125/><U30/><E99/><V35/><F35/><W98/><G98/><T80/><D80/><N who="3" m="30793" /><G78/><T26/><D26/><U105/><E61/><V129/><F129/><W8/><G8/><T10/><D10/><U75/><E75/><V92/><F65/><W74/><G74/><T91/><D91/><U79/><E79/><V46/><F46/><W37/><G37/><T86/><D86/><U51/><E105/><V117/><F117/><W57/><G57/><T52/><D70/><U114/><E114/><RYUUKYOKU ba="1,0" sc="143,15,6,15,473,-15,378,-15" hai0="5,9,22,23,52,56,60,63,64,71,88,93,97" hai1="2,6,11,12,18,20,24,27,30,31,40,44,51" /><INIT seed="7,2,0,5,2,15" ten="158,21,458,363" oya="3" hai0="134,55,133,43,107,0,130,63,89,3,64,87,74" hai1="42,45,111,8,30,51,102,88,28,126,122,101,135" hai2="16,17,110,5,10,94,31,99,27,34,85,76,75" hai3="61,56,125,120,70,105,129,115,67,60,20,19,48"/><W25/><G105/><T29/><D107/><U116/><E116/><V14/><F110/><W77/><G77/><T83/><D74/><U131/><E122/><V7/><F75/><W6/><G48/><T106/><D106/><U127/><E111/><V1/><F76/><W52/><G120/><T33/><D130/><U104/><E104/><V92/><F85/><W66/><G129/><T39/><D55/><U108/><E135/><V91/><F94/><W2/><G125/><T72/><D72/><U68/><E131/><V97/><F97/><W57/><G70/><T132/><D43/><U23/><E108/><V109/><F109/><W82/><G82/><T35/><D39/><U44/><E68/><V47/><F47/><W113/><REACH who="3" step="1"/><G52/><REACH who="3" ten="158,21,458,353" step="2"/><T54/><D54/><U79/><E127/><V73/><F73/><W4/><G4/><T65/><D29/><U21/><E126/><V96/><F96/><W93/><G93/><T78/><D78/><U9/><E79/><V128/><F128/><W37/><G37/><T71/><D65/><U86/><E86/><V18/><REACH who="2" step="1"/><F17/><REACH who="2" ten="158,21,448,353" step="2"/><W90/><G90/><T98/><REACH who="0" step="1"/><D98/><REACH who="0" ten="148,21,448,353" step="2"/><U119/><E119/><V41/><F41/><W50/><G50/><T80/><D80/><U123/><E51/><V11/><AGARI ba="2,3" hai="1,5,7,10,11,14,16,18,27,31,34,91,92,99" machi="11" ten="30,8000,1" yaku="1,1,0,1,52,2,54,1,53,0" doraHai="15" doraHaiUra="49" who="2" fromWho="2" sc="148,-22,21,-22,448,116,353,-42" owari="126,-27,-1,-50,564,66,311,11" /></mjloggm>