<mjloggm ver="2.3"><GO type="137" lobby="0"/><UN n0="%E7%95%99%E8%90%8C" n1="%6B%6F%75%73%68%69" n2="%6B%69%6E%63%79%6F%75" n3="%79%61%6E%6F%73%75%6B%65" dan="11,13,11,11" rate="1561.98,1732.01,1448.22,1628.12" sx="F,M,M,M"/><TAIKYOKU oya="0"/><INIT seed="0,0,0,4,3,37" ten="250,250,250,250" oya="0" hai0="102,120,11,79,133,56,43,90,48,121,106,52,93" hai1="94,118,98,124,5,105,35,61,40,58,100,3,24" hai2="68,97,111,29,44,47,36,42,126,0,17,78,75" hai3="70,109,81,20,64,60,49,110,128,71,107,9,127"/><T12/><D106/><U25/><E118/><V122/><F111/><W85/><G107/><T89/><D102/><U108/><E108/><N who="3" m="41578" /><G128/><T34/><D34/><U6/><E124/><V1/><F122/><W88/><G127/><T31/><D121/><U135/><E135/><V77/><F126/><W117/><G117/><T99/><D120/><U28/><E25/><V50/><F78/><W86/><G49/><T21/><D133/><U45/><E105/><V114/><F114/><W41/><G85/><T53/><D79/><U101/><E101/><V116/><F116/><W39/><G9/><T95/><D43/><U62/><E62/><V73/><F97/><W76/><G20/><T18/><D53/><U119/><E3/><V104/><F17/><W8/><G8/><T14/><D31/><U65/><E119/><V80/><F75/><W84/><G84/><T23/><REACH who="0" step="1"/><D14/><REACH who="0" ten="240,250,250,250" step="2"/><U113/><E113/><V123/><F123/><W125/><G125/><T19/><D19/><U74/><E74/><V96/><F29/><W83/><G76/><T2/><D2/><U27/><E27/><V7/><F7/><W51/><G71/><T54/><D54/><U130/><E130/><V15/><F68/><W67/><G67/><T103/><D103/><U134/><E134/><V132/><F15/><W30/><G30/><T63/><D63/><U16/><E16/><V57/><F132/><W129/><G129/><T33/><D33/><U131/><E131/><V69/><F69/><W59/><G39/><AGARI ba="0,1" hai="5,6,24,28,35,39,40,45,58,61,65,94,98,100" machi="39" ten="30,2000,0" yaku="7,1,52,1" doraHai="37" who="1" fromWho="3" sc="240,0,250,30,250,0,250,-20" /><INIT seed="1,0,0,5,3,46" ten="240,280,250,230" oya="1" hai0="57,4,23,12,96,51,11,126,41,117,70,94,129" hai1="28,64,102,33,89,65,18,53,29,82,47,79,2" hai2="15,54,71,100,127,88,10,106,114,66,3,60,84" hai3="83,109,36,44,95,85,86,8,135,73,45,107,35"/><U49/><E2/><V76/><F114/><W133/><G109/><T68/><D117/><U75/><E102/><V115/><F115/><W27/><G36/><T52/><D129/><U120/><E120/><V19/><F127/><W67/><G107/><T97/><D41/><U77/><E77/><V93/><F3/><W50/><G8/><T61/><D126/><U13/><E89/><V111/><F111/><W6/><G6/><T34/><D34/><U81/><E81/><V37/><F37/><W98/><G73/><T125/><D125/><U119/><E119/><V30/><F30/><W69/><G69/><T24/><D61/><U104/><E104/><V72/><F54/><W39/><G39/><T123/><D123/><U22/><E33/><V25/><F25/><W101/><G67/><T43/><D43/><U40/><E40/><V5/><F5/><W21/><G35/><T108/><D108/><U130/><E130/><V134/><F134/><W105/><G83/><T90/><REACH who="0" step="1"/><D97/><REACH who="0" ten="230,280,250,230" step="2"/><U9/><REACH who="1" step="1"/><E29/><AGARI ba="0,1" hai="4,11,12,23,24,29,51,52,57,68,70,90,94,96" machi="29" ten="30,8000,1" yaku="1,1,2,1,7,1,52,1,54,1,53,0" doraHai="46" doraHaiUra="58" who="0" fromWho="1" sc="230,90,280,-80,250,0,230,0" /><INIT seed="2,0,0,2,4,77" ten="320,200,250,230" oya="2" hai0="49,116,106,33,64,114,133,31,126,44,80,45,85" hai1="38,11,96,9,90,54,115,131,35,98,112,84,135" hai2="10,34,69,62,78,65,13,27,41,8,95,103,39" hai3="111,124,2,105,57,93,32,130,127,132,17,55,1"/><V43/><F34/><W117/><G117/><T20/><D114/><U60/><E60/><BYE who="1" /><V102/><F8/><W134/><G111/><T22/><D106/><U16/><E16/><V36/><F78/><W53/><G105/><T81/><D116/><U61/><E61/><V122/><F122/><W52/><G32/><T100/><D133/><N who="3" m="51305" /><G17/><T47/><D126/><N who="3" m="48169" /><G93/><T113/><D113/><U29/><E29/><V109/><F109/><W107/><G107/><T63/><D100/><U0/><E0/><N who="3" m="106" /><G57/><T15/><D15/><U104/><E104/><V76/><F76/><W4/><G4/><T75/><D75/><U50/><E50/><V72/><F27/><W101/><G101/><T56/><D49/><U71/><E71/><V28/><F72/><W37/><G37/><T46/><N who="0" m="11776" /><DORA hai="118" /><T128/><D33/><U42/><E42/><V74/><F28/><W89/><G89/><T6/><D6/><U30/><E30/><V79/><F102/><W94/><G94/><T129/><D31/><U66/><E66/><V51/><F103/><W87/><G87/><T99/><D99/><U48/><E48/><V70/><F70/><W73/><G73/><T25/><D25/><U91/><E91/><V82/><F95/><W83/><G83/><N who="0" m="31819" /><D85/><U119/><E119/><V110/><F51/><W7/><G7/><T19/><D19/><U121/><E121/><V3/><F3/><W40/><G40/><T14/><D14/><U92/><E92/><V12/><F110/><W68/><G68/><T86/><D86/><U108/><E108/><V24/><F13/><W23/><G23/><AGARI ba="0,0" hai="20,22,23,56,63,64,128,129" m="31819,11776" machi="23" ten="50,8000,1" yaku="6,1,52,3" doraHai="77,118" who="0" fromWho="3" sc="320,80,200,0,250,0,230,-80" /><INIT seed="3,0,0,5,1,122" ten="400,200,250,150" oya="3" hai0="13,70,40,39,74,71,68,1,85,134,73,126,99" hai1="38,87,25,98,53,27,107,7,29,77,81,30,58" hai2="105,55,112,133,96,48,63,32,34,11,8,51,121" hai3="28,89,67,109,76,114,128,125,61,115,62,33,78"/><W110/><G128/><T116/><D116/><U23/><E23/><V41/><F121/><W104/><G104/><T17/><D1/><U9/><E9/><V60/><F133/><W95/><G125/><T45/><D126/><U84/><E84/><V54/><F112/><W50/><G33/><T37/><D134/><U111/><E111/><N who="3" m="42506" /><G28/><T31/><D31/><U117/><E117/><V52/><F105/><W44/><G62/><T101/><D85/><U49/><E49/><N who="2" m="19019" /><F96/><N who="3" m="57455" /><G78/><T19/><D37/><U131/><E131/><V75/><F41/><N who="3" m="24847" /><G76/><T90/><D90/><U59/><E59/><AGARI ba="0,0" hai="59,61,67,114,115" m="24847,57455,42506" machi="59" ten="30,12000,1" yaku="14,1,10,1,52,3" doraHai="122" who="3" fromWho="1" sc="400,0,200,-120,250,0,150,120" /><INIT seed="3,1,0,3,4,33" ten="400,80,250,270" oya="3" hai0="134,79,39,85,8,78,126,20,51,23,45,95,99" hai1="26,63,19,43,75,25,2,82,104,105,56,120,61" hai2="100,69,30,52,111,81,127,115,96,62,13,80,41" hai3="57,73,29,71,131,46,107,0,119,66,60,32,11"/><W94/><G119/><T121/><D121/><U88/><E88/><V76/><F115/><W77/><G131/><T106/><D39/><U28/><E28/><V17/><F127/><W16/><G107/><T10/><D106/><U34/><E34/><V5/><F41/><W123/><G123/><T91/><D126/><U113/><E113/><V18/><F111/><W64/><G46/><T83/><D134/><U114/><E114/><V90/><F5/><W122/><G122/><T21/><REACH who="0" step="1"/><D78/><REACH who="0" ten="390,80,250,270" step="2"/><U14/><E14/><V89/><F30/><W109/><G77/><T31/><D31/><U112/><E112/><V108/><F108/><W72/><G29/><T116/><D116/><U54/><E54/><AGARI ba="1,1" hai="8,10,20,21,23,45,51,54,79,83,85,91,95,99" machi="54" ten="40,2600,0" yaku="1,1,8,1,53,0" doraHai="33" doraHaiUra="1" who="0" fromWho="1" sc="390,39,80,-29,250,0,270,0" /><INIT seed="4,0,0,2,2,77" ten="429,51,250,270" oya="0" hai0="76,115,127,94,48,15,30,2,75,89,27,72,24" hai1="56,109,34,131,71,114,35,113,101,70,57,67,32" hai2="80,100,96,23,82,43,13,51,88,78,19,33,49" hai3="103,93,111,17,83,50,25,28,79,60,132,87,65"/><T105/><D105/><U54/><E54/><V44/><F33/><W37/><G37/><T39/><D39/><U90/><E90/><V107/><F51/><W0/><G111/><T130/><D2/><U66/><E66/><V84/><REACH who="2" step="1"/><F78/><REACH who="2" ten="429,51,240,270" step="2"/><W118/><G118/><T133/><D76/><U134/><E134/><V47/><F47/><W102/><G132/><T42/><D133/><U69/><E69/><V124/><F124/><W31/><G50/><T14/><D127/><U20/><E20/><V126/><F126/><W5/><G0/><T16/><D48/><U128/><E128/><V116/><F116/><W73/><G5/><T41/><D130/><U74/><E74/><V95/><AGARI ba="0,1" hai="13,19,23,43,44,49,80,82,84,88,95,96,100,107" machi="95" ten="20,12000,2" yaku="1,1,0,1,7,1,52,2,54,1,53,0" doraHai="77" doraHaiUra="108" who="2" fromWho="2" sc="429,-60,51,-30,240,130,270,-30" /><INIT seed="5,0,0,3,4,21" ten="369,21,370,240" oya="1" hai0="76,92,83,15,101,30,56,89,49,40,75,16,25" hai1="71,133,0,129,7,116,84,3,102,13,98,87,61" hai2="31,58,80,50,66,68,26,135,100,17,124,69,2" hai3="82,10,70,64,24,104,33,57,5,53,38,90,12"/><U105/><E105/><V113/><F135/><W74/><G104/><T63/><D101/><U118/><E118/><V81/><F2/><W78/><G38/><T47/><D30/><U103/><E103/><V14/><F124/><W111/><G111/><T36/><D36/><U115/><E115/><V112/><F100/><W132/><G132/><T93/><D25/><U73/><E73/><V41/><F41/><W55/><G70/><T52/><REACH who="0" step="1"/><D89/><REACH who="0" ten="359,21,370,240" step="2"/><U62/><E62/><V88/><F88/><W45/><G90/><T60/><D60/><U34/><E34/><V121/><F121/><W109/><G109/><T110/><D110/><U85/><E85/><V35/><F66/><W86/><G33/><T96/><D96/><U54/><E54/><V72/><F68/><W23/><G55/><T122/><D122/><U32/><E32/><V48/><F69/><W65/><G74/><T128/><D128/><U131/><E131/><V29/><F29/><N who="3" m="17567" /><G45/><T95/><D95/><U125/><E125/><V11/><F50/><AGARI ba="0,1" hai="5,10,12,50,53,57,64,65,78,82,86" m="17567" machi="50" ten="30,2000,0" yaku="8,1,52,1" doraHai="21" who="3" fromWho="2" sc="359,0,21,0,370,-20,240,30" /><INIT seed="6,0,0,2,2,56" ten="359,21,350,270" oya="2" hai0="10,63,92,70,83,5,121,43,0,8,44,108,76" hai1="60,59,97,78,98,109,51,32,36,102,13,40,54" hai2="47,75,114,69,39,66,35,28,103,132,90,110,125" hai3="38,99,4,85,77,80,29,58,12,91,41,53,17"/><V52/><F114/><W128/><G128/><T106/><D108/><U131/><E131/><V11/><F110/><W100/><G4/><T112/><D121/><U118/><E118/><V105/><F132/><W134/><G134/><T122/><D122/><U89/><E89/><V26/><F125/><W33/><G33/><T129/><D129/><U96/><E96/><V49/><F11/><W50/><G29/><T61/><D106/><U37/><E37/><V1/><F1/><W68/><G68/><T127/><D127/><U2/><E2/><V104/><F75/><W107/><G38/><T22/><D112/><U93/><E93/><V3/><F3/><W81/><G41/><T113/><D113/><U55/><E55/><V119/><F119/><W57/><G57/><T74/><D22/><U124/><E124/><V73/><F73/><W48/><G48/><T9/><D92/><U18/><E18/><V126/><F126/><W65/><G65/><T123/><D123/><U34/><E34/><V71/><F71/><W101/><G101/><T67/><D63/><U87/><E87/><V45/><F90/><W120/><G120/><T21/><D21/><U116/><E116/><V16/><F16/><W31/><G31/><T135/><D135/><U25/><E25/><V72/><F72/><W82/><G77/><T23/><D23/><AGARI ba="0,0" hai="12,17,23,50,53,58,80,81,82,85,91,99,100,107" machi="23" ten="30,1000,0" yaku="7,1" doraHai="56" who="3" fromWho="0" sc="359,-10,21,0,350,0,270,10" /><INIT seed="7,0,0,0,2,106" ten="349,21,350,280" oya="3" hai0="29,53,67,13,124,134,0,62,94,87,119,69,72" hai1="129,32,131,71,55,4,26,22,79,31,103,96,45" hai2="6,102,115,104,10,27,30,57,105,123,107,122,49" hai3="60,24,98,117,1,38,17,66,52,21,84,28,37"/><W7/><G117/><T33/><D119/><U85/><E85/><V3/><F115/><W18/><G1/><T127/><D72/><U9/><E9/><V35/><F49/><W14/><G7/><T113/><D0/><U40/><E40/><V25/><F57/><W56/><G38/><T58/><D113/><U64/><E64/><V46/><F46/><W88/><G37/><T8/><D134/><U15/><E15/><V93/><F25/><W111/><G111/><T92/><D33/><U16/><E16/><N who="3" m="6250" /><G14/><T86/><D29/><U77/><E77/><V81/><F81/><N who="3" m="49167" /><G98/><T47/><D47/><U39/><E39/><V54/><BYE who="0" /><F54/><AGARI ba="0,0" hai="21,24,28,52,54,56,60,66" m="49167,6250" machi="54" ten="30,11600,0" yaku="8,1,54,3" doraHai="106" who="3" fromWho="2" sc="349,0,21,0,350,-116,280,116" owari="349,15,21,-48,234,-17,396,50" /></mjloggm>