<mjloggm ver="2.3"><GO type="9" lobby="4217"/><UN n0="%E7%95%99%E8%90%8C" n1="%68%61%79%61%73%68%69%34" n2="%72%5F%68%69%72%6F%73%65" n3="%4B%2E%46%2E" dan="11,0,0,0" rate="1571.03,1500.00,1500.00,1500.00" sx="F,M,M,M"/><TAIKYOKU oya="0"/><INIT seed="0,0,0,1,2,76" ten="250,250,250,250" oya="0" hai0="114,93,90,83,26,37,1,30,24,130,77,92,47" hai1="42,19,9,11,65,78,3,72,123,124,110,107,0" hai2="43,17,63,128,122,75,98,36,28,89,97,79,12" hai3="112,125,120,131,102,121,135,58,35,22,134,20,85"/><T53/><D1/><U73/><E123/><N who="3" m="47178" /><G58/><T81/><D114/><U67/><E42/><V118/><F122/><W32/><G102/><T52/><D130/><U57/><E107/><V56/><F128/><W13/><G85/><T84/><D37/><U33/><E33/><N who="3" m="12874" /><G112/><T64/><D64/><U100/><E100/><V10/><F28/><W39/><G39/><T6/><D6/><U60/><E65/><V15/><F118/><W86/><G86/><N who="0" m="48431" /><D30/><U68/><E110/><V70/><F15/><W27/><G131/><T31/><D31/><U87/><E87/><V106/><F79/><W23/><G13/><T82/><D47/><U54/><E78/><V101/><F97/><W109/><G109/><T21/><D93/><U133/><E72/><V69/><F89/><W2/><G2/><T94/><D94/><U4/><E73/><V49/><F75/><W132/><G27/><N who="0" m="10283" /><D21/><U51/><E124/><AGARI ba="0,0" hai="20,22,23,124,125,132,134,135" m="12874,47178" machi="124" ten="50,12000,2" yaku="28,2,20,1,13,1,34,2" doraHai="76" who="3" fromWho="1" sc="250,0,250,-120,250,0,250,120" /><INIT seed="1,0,0,5,3,122" ten="250,130,250,370" oya="1" hai0="34,53,48,88,42,101,124,21,49,3,75,86,134" hai1="25,41,95,87,62,135,116,102,78,5,23,117,38" hai2="33,110,28,113,66,19,80,14,104,4,107,40,55" hai3="133,132,93,39,72,127,12,100,15,57,32,26,8"/><U10/><E117/><V74/><F110/><W29/><G72/><T17/><D3/><U119/><E62/><V44/><F74/><W112/><G112/><T51/><D34/><U120/><E120/><V82/><F113/><W65/><G39/><T79/><D75/><U109/><E109/><V73/><F73/><W52/><G65/><T121/><D121/><U92/><E119/><V81/><F66/><W118/><G118/><T60/><D134/><U27/><E116/><V129/><F129/><W20/><G127/><T71/><D124/><U103/><E135/><N who="3" m="51786" /><G32/><T43/><D101/><U6/><E78/><V105/><F4/><W61/><G100/><T2/><D2/><U63/><E63/><V85/><F85/><W94/><G15/><N who="0" m="9407" /><D71/><U114/><E114/><V123/><F123/><W68/><G68/><T16/><D16/><AGARI ba="0,0" hai="8,12,16,20,26,29,52,57,61,93,94" m="51786" machi="16" ten="30,3900,0" yaku="20,1,54,2" doraHai="122" who="3" fromWho="0" sc="250,-39,130,0,250,0,370,39" /><INIT seed="2,0,0,2,3,130" ten="211,130,250,409" oya="2" hai0="5,110,99,63,112,35,105,14,51,55,127,98,24" hai1="81,117,100,123,113,47,11,66,107,53,50,79,37" hai2="34,93,74,29,77,84,48,132,94,65,59,89,90" hai3="125,8,92,30,64,0,25,128,71,88,17,82,41"/><V76/><F74/><W46/><G128/><T70/><D112/><U115/><E117/><V22/><F132/><W10/><G0/><T36/><D36/><U109/><E11/><V120/><F120/><W108/><G108/><T44/><D35/><U42/><E123/><V62/><F34/><W78/><G125/><T91/><D127/><U40/><E40/><V43/><F43/><W103/><G103/><T2/><D2/><U28/><E28/><V4/><F48/><W13/><G10/><T12/><D110/><U61/><E109/><V21/><F4/><W56/><G71/><T111/><D111/><U73/><E115/><V104/><F29/><W129/><G129/><T27/><D105/><U102/><E113/><V86/><REACH who="2" step="1"/><F104/><REACH who="2" ten="211,130,240,409" step="2"/><W31/><G64/><T83/><D5/><U49/><E49/><V32/><F32/><W96/><G31/><T95/><D51/><U18/><E18/><V6/><F6/><W118/><G118/><T26/><D70/><U67/><E67/><V124/><F124/><W119/><G119/><T23/><D44/><U58/><REACH who="1" step="1"/><E107/><REACH who="1" ten="211,120,240,409" step="2"/><V20/><F20/><W1/><G1/><T85/><D23/><U54/><E54/><V9/><F9/><W33/><G33/><T38/><D38/><U134/><E134/><V69/><F69/><AGARI ba="0,2" hai="37,42,47,50,53,58,61,66,69,73,79,81,100,102" machi="69" ten="30,7700,0" yaku="1,1,7,1,24,2,53,0" doraHai="130" doraHaiUra="131" who="1" fromWho="2" sc="211,0,120,97,240,-77,409,0" /><INIT seed="3,0,0,5,4,99" ten="211,217,163,409" oya="3" hai0="92,114,51,32,109,38,47,37,33,56,93,0,123" hai1="26,42,2,1,18,64,117,101,39,82,79,4,103" hai2="89,50,113,60,128,44,96,19,13,28,119,29,21" hai3="130,125,66,78,132,71,133,24,31,52,88,61,121"/><W6/><G121/><T100/><D123/><U81/><E64/><V23/><F128/><W129/><G6/><T63/><D0/><U62/><E62/><V105/><F60/><W76/><G76/><T65/><D109/><U27/><E117/><V14/><F19/><W45/><G45/><T46/><D114/><U108/><E108/><V9/><F113/><W74/><G88/><T11/><D11/><U135/><E135/><N who="3" m="51786" /><G52/><T118/><D118/><U120/><E120/><V49/><F119/><W22/><G125/><T90/><D33/><U8/><E2/><V131/><F131/><N who="3" m="50187" /><G78/><T107/><D32/><U7/><E7/><N who="2" m="3263" /><F44/><W43/><G43/><T53/><D107/><U59/><E59/><V134/><F134/><W104/><G104/><T115/><D115/><U122/><E122/><V70/><F14/><W10/><G10/><T94/><D100/><U72/><E82/><V41/><F70/><W86/><G86/><T73/><D73/><AGARI ba="0,0" hai="22,24,31,61,66,71,73,74" m="50187,51786" machi="73" ten="30,2900,0" yaku="20,1,19,1" doraHai="99" who="3" fromWho="0" sc="211,-29,217,0,163,0,409,29" /><INIT seed="3,1,0,2,3,88" ten="182,217,163,438" oya="3" hai0="105,116,67,101,23,95,109,16,134,61,129,59,13" hai1="9,98,125,22,132,128,84,112,85,17,69,1,27" hai2="65,83,103,51,126,108,42,99,54,111,39,2,82" hai3="56,44,57,91,49,79,43,15,26,31,50,135,30"/><W121/><G121/><T70/><D116/><U29/><E69/><V124/><F2/><W12/><G135/><T38/><D38/><U81/><E112/><V66/><F54/><W72/><G91/><T32/><D32/><U118/><E132/><V37/><F37/><W106/><G106/><T115/><D134/><U90/><E118/><V78/><F51/><W21/><G79/><T11/><D70/><U28/><E125/><N who="2" m="48235" /><F78/><W3/><G72/><T93/><D105/><U100/><E84/><V76/><F39/><W25/><G3/><T77/><D109/><N who="2" m="42058" /><F42/><W55/><REACH who="3" step="1"/><G57/><REACH who="3" ten="182,217,163,428" step="2"/><T63/><D77/><U87/><E87/><N who="2" m="48583" /><F83/><W130/><G130/><T48/><D129/><U58/><E128/><V14/><F14/><W104/><G104/><AGARI ba="1,1" hai="65,66,99,103,104" m="48583,42058,48235" machi="104" ten="30,2000,0" yaku="18,1,14,1" doraHai="88" who="2" fromWho="3" sc="182,0,217,0,163,33,428,-23" /><INIT seed="4,0,0,3,3,20" ten="182,217,196,405" oya="0" hai0="14,31,37,73,111,135,54,91,130,98,93,88,40" hai1="109,42,61,1,46,71,89,67,107,64,56,132,117" hai2="34,106,121,10,23,99,124,122,100,57,26,15,17" hai3="25,105,97,94,84,19,87,28,81,76,55,12,21"/><T0/><D0/><U2/><E109/><V33/><F124/><W90/><G105/><T74/><D111/><U18/><E117/><V75/><F57/><W48/><G97/><T22/><D130/><U41/><E107/><V134/><F75/><W83/><G55/><T110/><D110/><U96/><E132/><V119/><F119/><W58/><G58/><T114/><D114/><U45/><E45/><V123/><REACH who="2" step="1"/><F134/><REACH who="2" ten="182,217,186,405" step="2"/><W50/><REACH who="3" step="1"/><G94/><REACH who="3" ten="182,217,186,395" step="2"/><T11/><D135/><U16/><E16/><AGARI ba="0,2" hai="10,15,16,17,23,26,33,34,99,100,106,121,122,123" machi="16" ten="40,8000,1" yaku="1,1,2,1,52,1,54,1,53,0" doraHai="20" doraHaiUra="70" who="2" fromWho="1" sc="182,0,217,-80,186,100,395,0" /><INIT seed="5,0,0,1,2,3" ten="182,137,286,395" oya="1" hai0="99,97,107,7,30,21,100,54,80,14,58,46,37" hai1="103,105,31,23,87,69,71,57,67,95,134,124,64" hai2="68,96,94,117,65,92,119,13,93,59,122,8,73" hai3="6,109,56,60,115,76,83,42,62,104,1,49,77"/><U39/><E39/><V27/><F122/><W130/><G104/><T112/><D37/><U41/><E41/><V26/><F73/><W128/><G109/><T86/><D112/><U33/><E124/><V20/><F96/><W15/><G115/><T63/><D46/><U48/><E134/><V44/><F20/><W132/><G132/><T25/><D97/><U114/><E114/><V118/><F44/><W110/><G110/><T81/><REACH who="0" step="1"/><D86/><REACH who="0" ten="172,137,286,395" step="2"/><U75/><E75/><V4/><REACH who="2" step="1"/><F68/><REACH who="2" ten="172,137,276,395" step="2"/><W125/><G125/><T120/><D120/><U55/><E69/><V88/><F88/><W2/><G130/><T127/><D127/><U91/><E67/><V78/><F78/><W0/><G128/><T24/><D24/><U40/><E40/><V131/><F131/><W123/><G42/><T11/><AGARI ba="0,2" hai="7,11,14,21,25,30,54,58,63,80,81,99,100,107" machi="11" ten="30,4000,0" yaku="1,1,0,1,52,1,53,0" doraHai="3" doraHaiUra="70" who="0" fromWho="0" sc="172,60,137,-20,276,-10,395,-10" /><INIT seed="6,0,0,1,4,98" ten="232,117,266,385" oya="2" hai0="75,44,126,90,107,97,77,33,82,88,94,62,105" hai1="1,27,135,47,124,16,41,7,25,80,122,87,2" hai2="85,49,29,65,28,86,70,72,83,113,64,31,129" hai3="102,40,131,20,69,54,5,59,14,56,43,74,52"/><V36/><F129/><W46/><G74/><T30/><D126/><U78/><E122/><V96/><F72/><W3/><G69/><T18/><D33/><U13/><E124/><V8/><F113/><W39/><G3/><T48/><D30/><N who="2" m="7682" /><V128/><DORA hai="121" /><F128/><W123/><G123/><T79/><D18/><U125/><E125/><V12/><F36/><W111/><G131/><T24/><D24/><U66/><E135/><V103/><F49/><W45/><G102/><T133/><D133/><U22/><E66/><N who="2" m="25707" /><F70/><W92/><G92/><T4/><D4/><U38/><REACH who="1" step="1"/><E2/><REACH who="1" ten="232,107,266,385" step="2"/><V134/><F134/><W127/><G127/><T19/><D107/><U108/><E108/><V91/><F83/><W73/><G111/><T116/><D116/><U110/><E110/><V67/><F67/><W112/><G112/><T132/><D105/><U89/><E89/><V95/><F95/><W61/><G73/><T55/><D132/><U11/><AGARI ba="0,1" hai="1,7,11,13,16,22,25,27,38,41,47,78,80,87" machi="11" ten="30,4000,0" yaku="1,1,0,1,54,1,53,0" doraHai="98,121" doraHaiUra="60,115" who="1" fromWho="1" sc="232,-10,107,50,266,-20,385,-10" /><INIT seed="7,0,0,5,1,72" ten="222,157,246,375" oya="3" hai0="103,130,37,99,66,46,131,31,55,20,44,62,21" hai1="32,17,36,111,94,63,14,68,49,61,85,89,38" hai2="81,97,132,95,83,27,91,121,23,40,29,119,82" hai3="113,115,7,10,39,9,78,105,76,24,11,106,34"/><W104/><G39/><T75/><D75/><U122/><E111/><V15/><F132/><W47/><G47/><T116/><D116/><U117/><E122/><V128/><F121/><W45/><G45/><T12/><D37/><U64/><E117/><V124/><F119/><W109/><G109/><T28/><D46/><U93/><E32/><V41/><F40/><W26/><G34/><T135/><D135/><U25/><E94/><V120/><F41/><W19/><G19/><T58/><D131/><U133/><E133/><V13/><F120/><W92/><G92/><N who="0" m="58855" /><D130/><U71/><E38/><V42/><F42/><W60/><G60/><T84/><D84/><U0/><E36/><V70/><F70/><W90/><G90/><T107/><D107/><U5/><E49/><V65/><F128/><W18/><G18/><T1/><D1/><U80/><E93/><V125/><F65/><W102/><G102/><T53/><D44/><U4/><E4/><V50/><REACH who="2" step="1"/><F50/><REACH who="2" ten="222,157,236,375" step="2"/><W67/><G67/><T52/><D12/><AGARI ba="0,1" hai="12,13,15,23,27,29,81,82,83,91,95,97,124,125" machi="12" ten="40,2600,0" yaku="1,1,2,1,53,0" doraHai="72" doraHaiUra="6" who="2" fromWho="0" sc="222,-26,157,0,236,36,375,0" owari="196,-20,157,-34,272,7,375,47" /></mjloggm>