<mjloggm ver="2.3"><GO type="9" lobby="6486"/><UN n0="%E7%95%99%E8%90%8C" n1="%E3%81%B5%E3%81%89%E3%81%8E%E3%81%83" n2="%5A%75%74%73%75%6B%69" n3="%E5%B1%A4%E3%81%AE%E3%82%B3%E3%83%9B%E3%83%A2%E3%83%AD%E3%82%B8%E3%83%BC" dan="11,0,12,7" rate="1583.93,1500.00,1734.29,1513.33" sx="F,M,M,M"/><TAIKYOKU oya="0"/><INIT seed="0,0,0,5,4,76" ten="250,250,250,250" oya="0" hai0="74,13,51,113,20,23,21,129,33,72,133,110,39" hai1="8,1,102,105,30,99,130,35,50,121,70,101,16" hai2="82,88,61,73,52,78,90,19,69,27,77,40,32" hai3="55,28,94,65,125,34,112,54,7,38,135,12,63"/><T108/><D39/><U41/><E121/><V36/><F36/><W115/><G38/><T11/><D113/><U31/><E70/><V0/><F0/><W100/><G135/><T24/><D133/><U111/><E35/><V49/><F40/><W98/><G125/><T45/><D129/><U66/><E66/><V96/><F69/><W122/><G122/><T57/><D57/><U117/><E117/><V26/><F61/><W10/><G28/><N who="1" m="10794" /><E105/><V97/><F32/><W3/><G34/><T71/><D71/><U14/><E1/><V81/><F19/><W87/><G3/><T124/><D124/><U107/><E107/><V91/><F97/><W64/><G64/><T29/><D74/><U68/><E68/><V67/><F96/><W44/><G87/><T123/><D123/><U48/><E130/><V2/><F67/><W62/><G55/><T42/><REACH who="0" step="1"/><D72/><REACH who="0" ten="240,250,250,250" step="2"/><U80/><E111/><V25/><F2/><W75/><G75/><T127/><D127/><U5/><E41/><V17/><F73/><W22/><G112/><T93/><D93/><N who="1" m="58607" /><E80/><N who="2" m="30827" /><F17/><AGARI ba="0,1" hai="11,13,17,20,21,23,24,29,33,42,45,51,108,110" machi="17" ten="40,2000,0" yaku="1,1,53,0" doraHai="76" doraHaiUra="132" who="0" fromWho="2" sc="240,30,250,0,250,-20,250,0" /><INIT seed="0,1,0,4,1,16" ten="270,250,230,250" oya="0" hai0="64,119,3,81,91,105,72,13,46,11,51,102,65" hai1="66,8,42,28,108,134,113,127,41,33,36,115,63" hai2="38,2,129,94,27,120,62,59,35,31,98,112,106" hai3="114,87,125,60,74,122,96,25,67,132,118,92,37"/><T130/><D3/><U103/><E103/><V77/><F120/><W93/><G118/><T0/><D0/><U107/><E107/><V45/><F112/><N who="1" m="43081" /><E8/><V135/><F135/><W76/><G122/><T97/><D119/><U104/><E104/><V88/><F2/><W86/><G114/><T6/><D130/><U55/><E33/><V24/><F129/><W99/><G37/><T90/><D72/><U4/><E4/><V133/><F133/><W117/><G117/><T75/><D75/><U126/><E134/><V19/><F77/><W49/><G132/><T40/><REACH who="0" step="1"/><D81/><REACH who="0" ten="260,250,230,250" step="2"/><U70/><E28/><V1/><F1/><W111/><G74/><T10/><D10/><U26/><E108/><V61/><F38/><W116/><G116/><T78/><D78/><U47/><E26/><V83/><F45/><W80/><G76/><T56/><D56/><N who="1" m="35231" /><E36/><V84/><F106/><W43/><G80/><T20/><D20/><U17/><E17/><V128/><F128/><W21/><G25/><T32/><D32/><U23/><E23/><V101/><F59/><W53/><G21/><T82/><D82/><U44/><E70/><V12/><REACH who="2" step="1"/><F27/><REACH who="2" ten="260,250,220,250" step="2"/><W124/><G43/><N who="1" m="16394" /><E66/><AGARI ba="1,2" hai="6,11,13,40,46,51,64,65,66,90,91,97,102,105" machi="66" ten="40,2000,0" yaku="1,1,53,0" doraHai="16" doraHaiUra="34" who="0" fromWho="1" sc="260,43,250,-23,220,0,250,0" /><INIT seed="0,2,0,5,4,18" ten="303,227,220,250" oya="0" hai0="106,64,38,11,70,61,39,25,82,98,91,133,93" hai1="102,85,13,31,58,15,69,32,79,74,71,84,59" hai2="4,44,92,96,21,68,6,1,65,0,63,19,88" hai3="110,104,103,2,108,29,77,30,126,111,115,36,53"/><T76/><D106/><U112/><E102/><V47/><F0/><W3/><G53/><T73/><D133/><U50/><E112/><V10/><REACH who="2" step="1"/><F6/><REACH who="2" ten="303,227,210,250" step="2"/><W125/><G115/><T48/><D11/><U33/><E31/><N who="3" m="11786" /><G103/><T42/><D25/><AGARI ba="2,1" hai="1,4,10,19,21,25,44,47,63,65,68,88,92,96" machi="25" ten="30,8000,1" yaku="1,1,7,1,52,1,54,1,53,1" doraHai="18" doraHaiUra="56" who="2" fromWho="0" sc="303,-86,227,0,210,96,250,0" /><INIT seed="1,0,0,1,4,71" ten="217,227,306,250" oya="1" hai0="43,96,27,110,116,121,2,30,65,112,76,74,59" hai1="45,95,40,77,109,133,42,0,34,75,7,35,29" hai2="10,53,101,87,91,103,33,92,32,50,39,106,132" hai3="4,86,16,128,44,125,107,23,111,52,114,131,105"/><U13/><E95/><V64/><F132/><W102/><G114/><T99/><D112/><U79/><E45/><V135/><F135/><W120/><G120/><T5/><D116/><U69/><E69/><V47/><F64/><W127/><G4/><T73/><D43/><N who="1" m="16427" /><E0/><V49/><F106/><N who="3" m="40459" /><G102/><T94/><D110/><U72/><E133/><V63/><F39/><W21/><G86/><T20/><D121/><U60/><E109/><V93/><F32/><N who="1" m="12329" /><E60/><V22/><F33/><W104/><G44/><T48/><D76/><N who="1" m="29259" /><E29/><V37/><F37/><W11/><G11/><T17/><D30/><U61/><E61/><V56/><F10/><W129/><G104/><T88/><D65/><U78/><N who="1" m="29267" /><U82/><DORA hai="28" /><E82/><V6/><F6/><W119/><G119/><T98/><D73/><N who="1" m="28235" /><E13/><V84/><F22/><N who="3" m="8203" /><G16/><T51/><D74/><U130/><E130/><V62/><F101/><W54/><G111/><T3/><D94/><U68/><E68/><V26/><F103/><W100/><G100/><T1/><D2/><U97/><E97/><V18/><F18/><W81/><G81/><T25/><D99/><U14/><E14/><V24/><F63/><W46/><G46/><T80/><D98/><U66/><E66/><V83/><F83/><W67/><G67/><T90/><D80/><U124/><E124/><AGARI ba="0,0" hai="52,54,124,125,127,128,129,131" m="8203,40459" machi="124" ten="40,8000,1" yaku="28,2,18,1,19,1,54,1" doraHai="71,28" who="3" fromWho="1" sc="217,0,227,-80,306,0,250,80" /><INIT seed="2,0,0,5,1,71" ten="217,147,306,330" oya="2" hai0="92,109,52,6,46,50,56,134,83,110,75,3,34" hai1="14,61,37,80,19,64,55,91,99,97,33,73,16" hai2="35,67,63,17,54,10,103,22,5,26,65,128,86" hai3="129,59,62,8,117,123,11,70,36,102,4,42,93"/><V113/><F113/><W76/><G123/><T21/><D34/><U121/><E37/><V133/><F128/><W0/><G117/><T135/><D46/><U7/><E73/><V122/><F122/><W119/><G119/><T95/><D75/><U105/><E105/><V12/><F133/><N who="0" m="50698" /><D21/><U44/><E121/><V23/><F103/><W74/><G129/><T116/><D116/><U132/><E132/><V125/><F125/><W68/><G74/><T20/><D20/><N who="1" m="11287" /><E33/><V53/><F35/><W82/><G102/><T108/><D83/><U124/><E124/><V114/><F114/><W25/><G11/><AGARI ba="0,0" hai="3,6,11,50,52,56,92,95,108,109,110" m="50698" machi="11" ten="40,5200,0" yaku="14,1,20,1,54,1" doraHai="71" who="0" fromWho="3" sc="217,52,147,0,306,0,330,-52" /><INIT seed="3,0,0,3,5,45" ten="269,147,306,278" oya="3" hai0="51,47,91,94,5,97,124,58,35,89,0,80,106" hai1="1,128,83,69,56,34,92,102,104,39,101,64,75" hai2="127,31,95,3,117,54,57,103,62,25,22,43,36" hai3="9,134,12,55,88,61,27,108,37,21,131,48,23"/><W11/><G131/><T67/><D35/><U84/><E34/><V112/><F112/><W32/><G134/><T4/><D106/><U133/><E1/><V33/><F3/><W119/><G119/><T120/><D120/><U113/><E39/><V30/><F117/><W44/><G108/><T50/><D124/><U14/><E14/><V49/><F127/><W115/><G115/><T38/><D38/><U132/><E113/><V78/><F78/><W29/><G37/><T10/><D5/><U2/><E69/><V72/><F72/><W8/><G88/><T93/><D80/><U13/><E64/><V66/><F103/><N who="1" m="39433" /><E13/><V73/><F95/><W105/><G105/><T81/><D81/><U63/><E2/><V20/><F73/><W70/><REACH who="3" step="1"/><G12/><REACH who="3" ten="269,147,306,268" step="2"/><T7/><D7/><U126/><E126/><V16/><F36/><W122/><G122/><T125/><D0/><U130/><E56/><V60/><F43/><W86/><G86/><T41/><D125/><U85/><E63/><V77/><F77/><W18/><G18/><T68/><D68/><U121/><E121/><V99/><F99/><W52/><G52/><T107/><D107/><U19/><E19/><V110/><F110/><W28/><G28/><T42/><D42/><U116/><E116/><V98/><F98/><W123/><G123/><T87/><D91/><N who="1" m="53351" /><E104/><V65/><F62/><W40/><G40/><T17/><D41/><U100/><N who="1" m="39441" /><U82/><DORA hai="114" /><E75/><V71/><F66/><AGARI ba="0,1" hai="8,9,11,21,23,27,29,32,44,48,55,61,66,70" machi="66" ten="40,12000,1" yaku="1,1,52,1,53,3" doraHai="45,114" doraHaiUra="129,6" who="3" fromWho="2" sc="269,0,147,0,306,-120,268,130" /><INIT seed="3,1,0,3,5,45" ten="269,147,186,398" oya="3" hai0="47,3,43,126,29,27,81,103,16,8,30,116,20" hai1="5,122,70,99,23,13,24,118,90,121,77,4,80" hai2="102,7,106,71,12,17,111,72,129,131,15,39,95" hai3="109,74,128,127,57,92,19,59,82,6,94,53,65"/><W58/><G128/><N who="2" m="49225" /><F71/><W87/><G127/><T51/><D116/><U63/><E70/><V66/><F39/><W83/><G109/><T25/><D126/><U76/><E63/><V84/><F72/><W18/><G74/><T105/><D81/><U35/><E118/><V46/><F66/><W56/><G6/><N who="1" m="2666" /><E35/><V34/><F34/><W104/><G104/><T33/><D3/><U62/><E122/><V107/><F111/><W91/><G65/><T37/><D37/><U89/><E121/><V88/><F102/><W123/><G123/><T115/><D115/><U73/><E62/><V22/><F46/><W112/><G112/><T101/><D105/><U135/><E135/><V44/><F44/><W49/><REACH who="3" step="1"/><G92/><REACH who="3" ten="269,147,186,388" step="2"/><T21/><REACH who="0" step="1"/><D33/><REACH who="0" ten="259,147,186,388" step="2"/><U31/><E73/><V48/><F107/><W85/><G85/><T97/><D97/><U54/><E13/><AGARI ba="1,2" hai="8,13,16,20,21,25,27,29,30,43,47,51,101,103" machi="13" ten="40,8000,1" yaku="1,1,9,1,8,1,52,1,54,1,53,0" doraHai="45" doraHaiUra="132" who="0" fromWho="1" sc="259,103,147,-83,186,0,388,0" /><INIT seed="4,0,0,1,2,44" ten="362,64,186,388" oya="0" hai0="126,122,90,93,96,86,131,85,71,13,101,4,6" hai1="35,99,117,63,48,116,69,5,10,60,83,78,68" hai2="1,102,110,72,14,15,30,97,40,134,80,23,120" hai3="74,17,130,106,8,26,24,64,115,104,56,75,89"/><T88/><D122/><U87/><E99/><V132/><F120/><W73/><G130/><T103/><D71/><U92/><E48/><V41/><F1/><W43/><G43/><T67/><D67/><U113/><E35/><V70/><F70/><W62/><G115/><T18/><D126/><U82/><E116/><V19/><F110/><W21/><G89/><T53/><D131/><U16/><E117/><V100/><F72/><W112/><G112/><T118/><D118/><U42/><E42/><V91/><F30/><W128/><G128/><T119/><D119/><U55/><E113/><V54/><F40/><W28/><REACH who="3" step="1"/><G8/><REACH who="3" ten="362,64,186,378" step="2"/><N who="0" m="6439" /><D90/><N who="1" m="53343" /><E69/><V27/><F41/><W3/><G3/><T12/><D53/><U20/><E68/><V34/><F102/><N who="0" m="38922" /><D12/><N who="1" m="9223" /><E55/><V59/><F100/><W135/><G135/><T38/><D38/><U49/><E49/><V45/><F134/><W124/><G124/><T66/><D66/><U39/><E39/><V127/><F132/><W2/><G2/><T133/><D133/><U108/><E108/><V109/><F127/><W57/><G57/><T36/><D36/><U29/><E29/><V125/><F125/><W94/><G94/><T37/><D37/><U121/><E121/><V61/><F109/><W52/><G52/><T25/><D25/><U105/><E105/><V81/><F91/><W47/><G47/><T76/><D76/><U7/><E78/><V33/><F45/><W31/><G31/><T123/><D123/><U32/><E32/><AGARI ba="0,1" hai="17,21,24,26,28,32,56,62,64,73,74,75,104,106" machi="32" ten="40,1300,0" yaku="1,1,53,0" doraHai="44" doraHaiUra="114" who="3" fromWho="1" sc="362,0,64,-13,186,0,378,23" /><INIT seed="5,0,0,4,4,111" ten="362,51,186,401" oya="1" hai0="37,90,79,109,97,59,23,130,56,96,95,86,51" hai1="5,62,103,108,75,118,7,0,32,27,16,3,76" hai2="58,93,55,15,41,126,72,128,49,60,88,57,31" hai3="12,52,18,123,61,132,116,87,68,119,127,63,46"/><U30/><E62/><V66/><F72/><W100/><G123/><T2/><D109/><U21/><E103/><V124/><F128/><W65/><G132/><T39/><D2/><N who="1" m="555" /><E75/><V29/><F15/><W99/><G127/><T9/><D130/><U84/><E118/><V54/><F29/><W114/><G114/><T44/><D37/><U77/><E84/><V20/><F31/><W121/><G121/><T115/><D115/><U83/><E83/><V74/><F74/><W102/><G87/><T125/><D125/><N who="2" m="48234" /><F20/><W117/><G99/><N who="0" m="37963" /><D39/><U36/><E36/><V45/><F88/><W25/><G25/><T134/><D134/><U112/><E76/><V85/><F93/><W42/><G61/><T14/><D23/><U43/><E77/><V129/><F85/><W4/><G4/><N who="1" m="1610" /><E43/><V48/><F129/><W107/><G107/><T98/><N who="0" m="37971" /><T34/><DORA hai="67" /><D34/><U24/><E108/><V73/><F73/><W6/><G6/><N who="0" m="3383" /><D79/><U26/><E26/><V106/><F106/><W47/><G47/><T71/><D71/><U33/><E33/><V8/><F8/><N who="3" m="6407" /><G52/><AGARI ba="0,0" hai="44,51,52,56,59,86,90,95" m="3383,37971" machi="52" ten="30,2000,0" yaku="8,1,54,1" doraHai="111,67" who="0" fromWho="3" sc="362,20,51,0,186,0,401,-20" /><AGARI ba="0,0" hai="41,45,48,49,52,54,55,57,58,60,66" m="48234" machi="52" ten="30,7700,0" yaku="18,1,34,2,54,1" doraHai="111,67" who="2" fromWho="3" sc="382,0,51,0,186,77,381,-77" /><INIT seed="6,0,0,5,0,100" ten="382,51,263,304" oya="2" hai0="126,45,74,55,2,58,101,72,135,69,48,38,130" hai1="39,32,85,22,37,80,64,57,42,104,5,96,107" hai2="93,111,76,90,19,94,24,13,87,47,127,28,6" hai3="117,21,132,78,7,27,120,124,60,8,51,44,82"/><V10/><F111/><W115/><G120/><T86/><D69/><U70/><E5/><V134/><F134/><W84/><G117/><T46/><D2/><U14/><E14/><V81/><F127/><W133/><G124/><T53/><D126/><U49/><E32/><V52/><F6/><W16/><G60/><T34/><D135/><U3/><E3/><V98/><F28/><W108/><G108/><T17/><D34/><U75/><E22/><V103/><F24/><W128/><G128/><T118/><D118/><U35/><E35/><V30/><F30/><W99/><G99/><T61/><D130/><U31/><E31/><V56/><F47/><W125/><G125/><T122/><D122/><U41/><E75/><V67/><F67/><W36/><G36/><T20/><D38/><N who="1" m="14347" /><E49/><N who="2" m="30735" /><F93/><W92/><G92/><T43/><D72/><U0/><E0/><V66/><F66/><W73/><G73/><T102/><D74/><U112/><E112/><V71/><F71/><W121/><G121/><T40/><D86/><U97/><E57/><V63/><F63/><W123/><G123/><T15/><REACH who="0" step="1"/><D55/><REACH who="0" ten="372,51,263,304" step="2"/><U119/><E119/><V50/><F50/><W65/><G65/><T68/><D68/><U59/><E59/><V9/><F9/><W129/><G129/><T114/><D114/><U11/><E70/><V106/><F106/><N who="1" m="40489" /><E11/><V1/><F1/><W62/><G62/><T4/><D4/><U110/><E110/><V25/><F25/><W12/><REACH who="3" step="1"/><G115/><REACH who="3" ten="372,51,263,294" step="2"/><T79/><D79/><AGARI ba="0,2" hai="10,13,19,76,79,81,87,90,94,98,103" m="30735" machi="79" ten="30,2900,0" yaku="8,1,54,1" doraHai="100" who="2" fromWho="0" sc="372,-29,51,0,263,49,294,0" /><INIT seed="6,1,0,2,1,26" ten="343,51,312,294" oya="2" hai0="33,43,111,105,125,40,24,41,9,122,121,46,76" hai1="109,47,55,28,12,37,68,108,23,11,98,110,42" hai2="84,120,51,103,19,60,5,56,61,135,65,114,29" hai3="74,4,118,21,112,17,78,128,88,59,127,39,7"/><V82/><F120/><W86/><G118/><T52/><D121/><U62/><E98/><V49/><F114/><W6/><G112/><T13/><D122/><U75/><E75/><V22/><F135/><W3/><G128/><T117/><D111/><U44/><E28/><V96/><F5/><W104/><G104/><T126/><D105/><U87/><E23/><V20/><F60/><W132/><G132/><T16/><D117/><U1/><E1/><V67/><F67/><W81/><G127/><N who="0" m="48651" /><D76/><U66/><E87/><V90/><F22/><W134/><G134/><T100/><D100/><U77/><E77/><V27/><REACH who="2" step="1"/><F19/><REACH who="2" ten="343,51,302,294" step="2"/><W25/><G39/><T38/><D38/><U8/><REACH who="1" step="1"/><E12/><REACH who="1" ten="343,41,302,294" step="2"/><V119/><F119/><W58/><REACH who="3" step="1"/><G3/><REACH who="3" ten="343,41,302,284" step="2"/><T99/><D33/><U97/><E97/><V50/><F50/><AGARI ba="1,3" hai="8,11,37,42,44,47,50,55,62,66,68,108,109,110" machi="50" ten="40,1300,0" yaku="1,1,53,0" doraHai="26" doraHaiUra="79" who="1" fromWho="2" sc="343,0,41,46,302,-16,284,0" /><INIT seed="7,0,0,5,2,89" ten="343,87,286,284" oya="3" hai0="11,117,25,50,56,35,21,16,121,41,104,81,122" hai1="66,93,108,9,23,32,129,28,73,120,80,82,42" hai2="79,57,102,45,72,38,88,118,94,3,100,101,8" hai3="63,106,131,30,2,96,19,59,60,6,52,76,26"/><W70/><G76/><T37/><D104/><U111/><E66/><V22/><F118/><W98/><G131/><T47/><D117/><U54/><E42/><V109/><F109/><W49/><G70/><T12/><D122/><U34/><E54/><V105/><F105/><W75/><G75/><T51/><D121/><U69/><E69/><V31/><F72/><W126/><G126/><T97/><D35/><U114/><E120/><V124/><F124/><W77/><G77/><T113/><D113/><U115/><E73/><V78/><F3/><W18/><G106/><T48/><D97/><N who="3" m="37481" /><G2/><T1/><D1/><U85/><E9/><V68/><F68/><W134/><G134/><T107/><D107/><U36/><E36/><V33/><F33/><N who="1" m="12905" /><E28/><V125/><F125/><W103/><G103/><T86/><D56/><U119/><E119/><V55/><F38/><W10/><G6/><N who="0" m="3191" /><D37/><U46/><E23/><V123/><F123/><W127/><G127/><T130/><D130/><U95/><E46/><V4/><F4/><W87/><G87/><T43/><D43/><U64/><E64/><V71/><F71/><W110/><G110/><N who="1" m="42026" /><E129/><V0/><F8/><W92/><G92/><N who="1" m="35402" /><E85/><V7/><F7/><W39/><G39/><T65/><D65/><U17/><E17/><N who="3" m="6154" /><G10/><T128/><D128/><U90/><E90/><AGARI ba="0,0" hai="16,21,25,41,47,48,50,51,81,86,90" m="3191" machi="90" ten="30,2000,0" yaku="8,1,54,1" doraHai="89" who="0" fromWho="1" sc="343,20,87,-20,286,0,284,0" owari="363,46,67,-43,286,9,284,-12" /></mjloggm>