<mjloggm ver="2.3"><GO type="137" lobby="0"/><UN n0="%67%6F%6C%64%73%68%69%70" n1="%E7%95%99%E8%90%8C" n2="%6A%6F%6A%6F%36%34%31%39" n3="%E3%82%AA%E3%83%AB%E3%83%95%E3%82%A7%E3%83%BC%E3%83%96%E3%83%AB" dan="10,11,10,13" rate="1362.92,1568.77,1527.89,1822.59" sx="M,F,M,M"/><TAIKYOKU oya="0"/><INIT seed="0,0,0,0,4,30" ten="250,250,250,250" oya="0" hai0="17,104,63,34,133,35,56,12,32,135,1,72,132" hai1="54,58,61,128,8,29,107,23,122,15,16,19,65" hai2="127,79,40,125,87,134,25,2,101,80,24,9,109" hai3="73,7,108,4,70,102,114,126,64,53,105,97,98"/><T100/><D72/><U86/><E122/><V10/><F109/><W103/><G114/><T89/><D1/><U27/><E107/><V115/><F115/><W50/><G108/><T95/><D104/><U14/><E128/><V28/><F134/><W68/><G126/><T94/><D100/><U20/><REACH who="1" step="1"/><E86/><REACH who="1" ten="250,240,250,250" step="2"/><V26/><F125/><W113/><G113/><T83/><D83/><U120/><E120/><V118/><F127/><W110/><G110/><T85/><D95/><U31/><E31/><V0/><F118/><W66/><G73/><T3/><D3/><U33/><E33/><N who="0" m="8449" /><T76/><DORA hai="13" /><D76/><U117/><E117/><V55/><F0/><W38/><G38/><T43/><D43/><U52/><AGARI ba="0,1" hai="8,14,15,16,19,20,23,27,29,52,54,58,61,65" machi="52" ten="30,16000,3" yaku="1,1,0,1,8,1,52,2,54,2,53,2" doraHai="30,13" doraHaiUra="130,49" who="1" fromWho="1" sc="250,-80,240,170,250,-40,250,-40" /><INIT seed="1,0,0,3,4,68" ten="170,410,210,210" oya="1" hai0="123,125,101,110,126,75,102,9,48,132,111,81,45" hai1="14,100,44,40,63,72,54,28,96,29,118,105,22" hai2="78,103,26,10,30,91,3,98,67,46,113,70,32" hai3="95,56,11,76,106,27,82,93,20,0,33,65,79"/><U122/><E122/><V133/><F133/><W53/><G106/><T58/><D132/><U104/><E118/><V43/><F113/><W134/><G134/><T135/><D135/><U107/><E72/><V99/><F78/><W7/><G65/><T85/><D123/><U131/><E131/><V90/><F70/><W115/><G115/><T116/><D116/><U77/><E77/><V71/><F3/><W112/><G33/><T97/><D75/><U41/><E63/><N who="2" m="40447" /><F10/><W12/><G112/><T117/><D117/><U109/><E109/><N who="0" m="41481" /><D9/><U128/><E128/><V15/><F15/><W55/><G0/><T66/><D66/><U34/><E34/><V13/><F13/><W121/><G55/><N who="0" m="30095" /><D58/><U94/><E14/><V87/><F87/><W74/><G121/><T1/><D1/><U35/><E35/><V23/><F23/><W4/><G79/><N who="0" m="46271" /><D101/><U18/><E54/><V86/><F86/><W62/><REACH who="3" step="1"/><G4/><REACH who="3" ten="170,410,210,200" step="2"/><T38/><D38/><U59/><E107/><AGARI ba="0,1" hai="97,102,107,125,126" m="46271,30095,41481" machi="107" ten="30,1000,0" yaku="14,1" doraHai="68" who="0" fromWho="1" sc="170,20,410,-10,210,0,200,0" /><INIT seed="2,0,0,2,5,83" ten="190,400,210,200" oya="2" hai0="78,19,68,92,40,2,10,57,0,71,1,70,98" hai1="48,126,97,69,91,58,11,135,37,116,53,7,4" hai2="115,100,54,5,101,66,112,128,59,65,107,131,122" hai3="106,105,85,120,46,90,24,9,17,13,102,49,15"/><V44/><F122/><W56/><G120/><T60/><D40/><U129/><E116/><V133/><F133/><W45/><G24/><T29/><D78/><U64/><E37/><V109/><F5/><W39/><G39/><T31/><D19/><U113/><E113/><N who="2" m="43595" /><F101/><W20/><G56/><T108/><D108/><U72/><E72/><V94/><F109/><W6/><G45/><T23/><D10/><U14/><E135/><V16/><F107/><W75/><G75/><T127/><D127/><U38/><E38/><V99/><F44/><W93/><REACH who="3" step="1"/><G102/><REACH who="3" ten="190,400,210,190" step="2"/><T28/><D23/><U87/><E126/><V35/><F35/><W95/><G95/><T132/><D132/><U36/><E36/><V34/><F34/><W104/><G104/><T3/><N who="0" m="512" /><DORA hai="21" /><T124/><D124/><U33/><E33/><V118/><F118/><W18/><G18/><T52/><D92/><U110/><E110/><V76/><F16/><W47/><G47/><T103/><REACH who="0" step="1"/><D103/><REACH who="0" ten="180,400,210,190" step="2"/><U111/><E111/><V96/><F100/><W86/><G86/><T79/><D79/><U62/><E87/><V67/><F76/><W123/><G123/><T119/><D119/><U55/><E129/><N who="2" m="49739" /><F94/><W74/><G74/><T50/><D50/><AGARI ba="0,2" hai="50,54,59,65,66,67,96,99" m="49739,43595" machi="50" ten="40,2000,0" yaku="19,1" doraHai="83,21" who="2" fromWho="0" sc="180,-20,400,0,210,40,190,0" /><INIT seed="2,1,0,0,2,100" ten="160,400,250,190" oya="2" hai0="15,44,119,40,53,89,91,101,9,19,60,70,114" hai1="69,131,22,118,10,122,80,68,47,2,96,73,12" hai2="16,24,90,120,64,76,134,112,99,26,129,49,50" hai3="111,130,92,35,109,37,72,59,38,127,94,67,107"/><V83/><F120/><W21/><G72/><T88/><D114/><U33/><E118/><V71/><F112/><W25/><G35/><T11/><D119/><U121/><E33/><V62/><F134/><W58/><G127/><T74/><D101/><U116/><E116/><V6/><F129/><W5/><G5/><T28/><D74/><U82/><E131/><V124/><F124/><W117/><G117/><T66/><D28/><U135/><E135/><V48/><F6/><W3/><G3/><T61/><D11/><U23/><E2/><V51/><F51/><W79/><G79/><T77/><D77/><U42/><E96/><V86/><REACH who="2" step="1"/><F16/><REACH who="2" ten="160,400,240,190" step="2"/><W103/><G130/><T104/><D104/><U93/><E122/><V106/><F106/><W8/><G107/><T81/><D81/><U36/><E121/><V34/><F34/><W4/><G38/><T98/><D98/><U115/><E115/><V20/><F20/><W133/><G37/><T95/><D95/><AGARI ba="1,1" hai="24,26,48,49,50,62,64,71,76,83,86,90,95,99" machi="95" ten="40,2000,0" yaku="1,1,53,0" doraHai="100" doraHaiUra="108" who="2" fromWho="0" sc="160,-23,400,0,240,33,190,0" /><INIT seed="2,2,0,1,4,132" ten="137,400,273,190" oya="2" hai0="11,135,90,33,20,126,25,3,97,46,96,94,58" hai1="23,87,84,15,131,78,85,70,4,73,37,19,104" hai2="101,125,7,108,63,121,49,41,112,134,40,61,91" hai3="5,36,57,12,102,26,67,16,38,114,106,82,64"/><V92/><F112/><W6/><G114/><T62/><D135/><U107/><E37/><V128/><F134/><W56/><G26/><T80/><D33/><U39/><E39/><V77/><F121/><W127/><G127/><T43/><D126/><U119/><E119/><V65/><F128/><W105/><G102/><T59/><D80/><U103/><E70/><V117/><F117/><W55/><G82/><T68/><D68/><U8/><E131/><V42/><F125/><W71/><G71/><T34/><D34/><U99/><E73/><V14/><F77/><W17/><G12/><T50/><D3/><U51/><E51/><V118/><F118/><W113/><G113/><T66/><D11/><U88/><E78/><V74/><F74/><W81/><G81/><T111/><D111/><U120/><E120/><V83/><F108/><W27/><G27/><T89/><D59/><U60/><E60/><N who="2" m="23115" /><F65/><W124/><G124/><T54/><D54/><AGARI ba="2,0" hai="5,6,16,17,36,38,54,55,56,57,64,67,105,106" machi="54" ten="25,3200,0" yaku="22,2,54,1" doraHai="132" who="3" fromWho="0" sc="137,-38,400,0,273,0,190,38" /><INIT seed="3,0,0,1,5,90" ten="99,400,273,228" oya="3" hai0="67,12,108,62,119,4,27,42,122,20,23,99,124" hai1="89,47,58,69,57,34,130,64,92,50,71,9,126" hai2="65,121,79,54,32,134,101,105,52,76,96,15,31" hai3="80,82,25,18,0,14,60,63,22,11,30,19,87"/><W46/><G0/><T26/><D119/><U70/><E34/><V129/><F134/><W48/><G30/><T28/><D122/><U66/><E126/><V2/><F129/><W110/><G80/><T55/><D124/><U125/><E125/><V49/><F121/><W29/><G29/><T43/><D108/><U116/><E116/><V104/><F2/><W84/><G84/><T21/><D99/><U97/><E130/><V109/><F109/><W107/><G107/><T135/><D135/><U133/><E133/><V6/><F65/><W102/><G102/><T10/><D55/><U8/><E8/><V53/><F6/><W115/><G115/><T3/><D3/><U59/><REACH who="1" step="1"/><E9/><REACH who="1" ten="99,390,273,228" step="2"/><V7/><F32/><W13/><G110/><T86/><D86/><U68/><N who="1" m="17920" /><DORA hai="44" /><U33/><E33/><V35/><F35/><W73/><G73/><T51/><D51/><U132/><E132/><V85/><F49/><W37/><G37/><T45/><D27/><U24/><E24/><V83/><F104/><W39/><G25/><T41/><REACH who="0" step="1"/><D45/><REACH who="0" ten="89,390,273,228" step="2"/><U78/><E78/><V88/><F76/><N who="3" m="46535" /><G39/><T118/><D118/><U131/><E131/><V38/><F38/><W114/><G114/><T111/><D111/><U127/><E127/><V100/><F79/><W75/><G75/><T103/><D103/><U81/><E81/><V72/><F100/><W112/><G112/><T1/><D1/><U113/><E113/><V5/><F72/><W61/><G61/><T91/><D91/><U95/><E95/><V40/><F83/><W98/><G98/><T106/><D106/><RYUUKYOKU ba="0,2" sc="89,10,390,10,273,-30,228,10" hai0="4,10,12,20,21,23,26,28,41,42,43,62,67" hai1="47,50,57,58,59,64,66,89,92,97" hai3="11,13,14,18,19,22,46,48,60,63" /><INIT seed="3,1,2,2,0,135" ten="99,400,243,238" oya="3" hai0="34,75,111,104,91,132,126,98,123,41,97,116,99" hai1="65,37,127,1,85,107,39,63,0,72,49,71,129" hai2="2,109,15,28,22,51,115,86,19,76,54,64,62" hai3="12,80,69,44,113,11,117,68,89,55,79,56,53"/><W3/><G117/><T90/><D132/><U29/><E107/><V93/><F115/><W30/><G113/><T124/><D116/><U42/><E72/><V125/><F109/><W10/><G3/><T81/><D111/><U58/><E29/><V20/><F2/><W70/><G30/><T52/><D123/><U73/><E73/><V78/><F78/><W128/><G128/><T59/><D104/><U133/><E133/><V6/><F6/><W100/><G100/><T45/><D34/><U118/><E118/><V27/><F76/><W110/><G89/><T61/><D75/><U130/><E127/><N who="0" m="48681" /><D81/><U82/><E0/><V24/><F125/><W131/><G131/><N who="1" m="50186" /><E1/><V121/><F121/><W83/><G110/><T96/><N who="0" m="25088" /><DORA hai="60" /><T40/><D40/><U84/><E82/><V119/><F119/><W102/><G102/><T13/><D13/><U74/><E74/><V120/><F120/><W7/><G11/><T8/><D8/><U43/><E71/><V33/><F86/><N who="1" m="33385" /><E49/><AGARI ba="1,2" hai="41,45,49,52,59,61,90,91" m="25088,48681" machi="49" ten="40,8000,1" yaku="18,1,52,3,54,1" doraHai="135,60" who="0" fromWho="1" sc="99,103,400,-83,243,0,238,0" /><INIT seed="4,0,0,0,2,56" ten="202,317,243,238" oya="0" hai0="83,132,131,19,18,74,110,47,23,32,133,116,68" hai1="118,122,41,97,124,40,16,90,28,57,37,113,88" hai2="117,51,134,70,129,106,2,91,72,43,82,126,1" hai3="58,27,128,49,119,48,89,111,108,44,39,59,0"/><T60/><D116/><U115/><E118/><V21/><F117/><W104/><G119/><RYUUKYOKU type="kaze4" ba="0,0" sc="202,0,317,0,243,0,238,0" /><INIT seed="4,1,0,4,1,115" ten="202,317,243,238" oya="0" hai0="36,63,2,67,127,91,83,49,59,5,60,56,89" hai1="71,130,125,72,88,100,121,0,8,77,18,76,6" hai2="51,93,23,45,64,84,102,110,15,124,118,99,90" hai3="58,33,103,134,17,39,128,79,96,113,87,86,62"/><T55/><D36/><U85/><E121/><V80/><F110/><W114/><G33/><T1/><D127/><U123/><E123/><V12/><F124/><W32/><G32/><T20/><D5/><U101/><E71/><V21/><F64/><W50/><G39/><T75/><D75/><U65/><E125/><V42/><REACH who="2" step="1"/><F118/><REACH who="2" ten="202,317,233,238" step="2"/><W41/><G134/><T37/><D37/><U66/><E130/><V107/><F107/><W74/><G128/><T105/><D105/><U54/><E72/><V73/><F73/><W98/><G74/><T78/><D78/><U34/><E34/><V52/><F52/><W30/><G114/><T29/><D83/><U112/><E112/><V4/><F4/><W69/><G113/><T108/><D108/><U135/><E135/><V109/><F109/><W26/><G69/><T111/><D111/><U47/><E77/><V7/><F7/><W129/><G129/><T122/><D122/><U9/><E76/><V92/><F92/><W57/><G79/><T27/><REACH who="0" step="1"/><D49/><REACH who="0" ten="192,317,233,238" step="2"/><U40/><E40/><V16/><F16/><W81/><G17/><T132/><D132/><U126/><E126/><V35/><F35/><W13/><G81/><T119/><D119/><U46/><E66/><V24/><F24/><W94/><G41/><T116/><D116/><U44/><E65/><V120/><F120/><W25/><G50/><T28/><D28/><U31/><E31/><V106/><F106/><W117/><G26/><T22/><D22/><AGARI ba="1,2" hai="12,15,21,22,23,42,45,51,80,84,90,93,99,102" machi="22" ten="40,8000,1" yaku="1,1,8,1,53,2" doraHai="115" doraHaiUra="11" who="2" fromWho="0" sc="192,-83,317,0,233,103,238,0" /><INIT seed="5,0,0,1,3,107" ten="109,317,336,238" oya="1" hai0="116,130,108,12,99,122,89,97,56,128,105,92,135" hai1="96,85,55,87,77,126,37,47,33,60,91,113,43" hai2="10,133,67,58,88,90,111,26,7,41,125,65,78" hai3="109,52,74,49,70,95,42,38,132,114,68,123,62"/><U9/><E126/><V93/><F111/><W27/><G74/><T120/><D116/><U129/><E33/><V112/><F125/><W18/><G123/><N who="0" m="47147" /><D108/><U80/><E113/><V8/><F133/><W39/><G109/><T53/><D135/><U103/><E129/><N who="0" m="49769" /><D105/><U6/><E60/><V102/><F112/><W25/><G132/><T127/><D127/><U40/><E40/><V22/><F78/><W19/><G114/><T13/><D99/><U121/><E121/><V30/><F41/><W24/><G95/><T16/><D16/><N who="3" m="6185" /><G42/><T117/><D117/><U45/><E55/><V35/><F102/><W20/><G20/><T61/><AGARI ba="0,0" hai="12,13,53,56,61,89,92,97" m="49769,47147" machi="61" ten="30,2000,0" yaku="13,1,19,1" doraHai="107" who="0" fromWho="0" sc="109,20,317,-10,336,-5,238,-5" /><INIT seed="6,0,0,2,2,34" ten="129,307,331,233" oya="2" hai0="61,126,33,19,50,87,63,2,23,4,121,38,44" hai1="92,118,40,8,80,103,79,130,11,18,129,45,27" hai2="86,35,107,108,125,119,83,59,132,77,16,100,48" hai3="65,101,72,82,46,10,54,111,31,90,122,135,51"/><V73/><F119/><W69/><G122/><T49/><D121/><U81/><E118/><V124/><F132/><W42/><G135/><T131/><D38/><U128/><E103/><V104/><F108/><W29/><G111/><T25/><D33/><U15/><E92/><V98/><F35/><W74/><G101/><T47/><D126/><N who="2" m="48746" /><F73/><W12/><G72/><T60/><D131/><U115/><E115/><V56/><F16/><W116/><G116/><T20/><D20/><N who="1" m="11359" /><E27/><V114/><F114/><W41/><G41/><T66/><D87/><N who="1" m="48543" /><E81/><V9/><F9/><W24/><G24/><T88/><D66/><U68/><E68/><V37/><F37/><AGARI ba="0,0" hai="8,11,37,40,45,128,129,130" m="48543,11359" machi="37" ten="30,1000,0" yaku="19,1" doraHai="34" who="1" fromWho="2" sc="129,0,307,10,331,-10,233,0" /><INIT seed="7,0,0,5,2,70" ten="129,317,321,233" oya="3" hai0="22,46,3,80,128,67,127,38,44,9,87,101,117" hai1="41,26,125,58,135,34,35,54,27,57,96,61,32" hai2="23,13,65,60,99,76,123,120,90,133,106,97,29" hai3="14,0,15,116,4,71,130,42,118,52,119,122,50"/><W86/><G122/><N who="2" m="46633" /><F133/><W91/><G71/><T40/><D117/><U121/><E135/><V114/><F114/><W100/><G130/><T66/><D101/><U89/><E121/><V82/><F106/><W53/><G100/><T77/><D128/><U10/><E41/><V59/><F90/><W68/><G68/><T109/><D127/><U107/><E125/><V49/><F49/><W94/><G0/><T131/><D131/><U30/><E10/><V64/><F64/><W63/><G4/><T2/><D109/><U124/><E124/><V111/><F111/><W104/><G104/><T37/><D22/><U18/><E18/><N who="2" m="10703" /><F29/><W110/><G110/><T33/><D33/><U48/><E107/><V115/><F115/><W85/><G42/><T113/><D113/><U132/><E132/><V105/><F105/><W11/><G63/><T16/><D16/><U21/><E27/><V74/><AGARI ba="0,0" hai="59,60,65,74,76,82,97,99" m="10703,46633" machi="74" ten="30,1100,0" yaku="13,1" doraHai="70" who="2" fromWho="2" sc="129,-3,317,-3,321,11,233,-5" owari="126,-37,314,11,332,43,228,-17" /></mjloggm>