<mjloggm ver="2.3"><GO type="137" lobby="0"/><UN n0="%6B%75%72%6F%67%65%6E" n1="%6B%65%66" n2="%E7%A6%8F%E8%B7%AF%E7%BE%8E%E7%A9%82%E5%AD%90%EF%BC%A0%E9%A2%A8%E8%B6%8A" n3="%E7%95%99%E8%90%8C" dan="12,11,6,11" rate="1691.47,1852.89,1643.23,1605.41" sx="M,M,F,F"/><TAIKYOKU oya="0"/><INIT seed="0,0,0,1,4,13" ten="250,250,250,250" oya="0" hai0="7,92,75,58,115,52,126,106,1,35,16,36,116" hai1="111,14,127,109,98,60,85,119,101,61,40,0,44" hai2="125,59,86,122,49,30,37,46,5,113,79,83,121" hai3="87,132,97,90,55,24,25,118,124,95,133,31,53"/><T89/><D116/><U130/><E0/><V128/><F113/><W105/><G118/><T34/><D115/><U107/><E119/><V19/><F128/><W18/><G124/><T47/><D126/><U78/><E127/><V11/><F30/><W17/><G105/><T131/><D106/><U43/><E43/><V21/><F59/><W99/><G31/><T82/><D131/><U103/><E103/><V50/><F37/><W76/><G76/><T88/><D89/><U4/><E130/><V112/><F112/><W33/><G33/><T129/><D129/><U38/><E85/><V63/><F63/><W9/><G133/><T32/><D1/><U45/><E45/><V84/><F84/><W62/><G132/><T94/><D7/><U28/><E28/><V104/><F104/><W74/><G74/><T42/><D75/><U6/><E6/><V29/><F29/><W3/><G3/><T39/><D36/><U96/><E96/><N who="3" m="36938" /><G62/><T56/><D82/><U23/><E78/><V123/><F46/><W135/><G135/><T12/><D58/><U41/><E41/><V108/><F125/><W114/><G114/><T26/><D26/><N who="3" m="10345" /><G9/><T66/><D35/><U57/><E61/><V77/><F77/><W15/><G15/><T8/><D66/><U71/><E60/><V67/><F67/><W120/><G120/><T22/><D8/><U70/><E107/><V27/><REACH who="2" step="1"/><F108/><REACH who="2" ten="250,250,240,250" step="2"/><W51/><G51/><T80/><D52/><AGARI ba="0,1" hai="17,18,52,53,55,87,90,95" m="10345,36938" machi="52" ten="30,7700,0" yaku="8,1,52,2,54,1" doraHai="13" who="3" fromWho="0" sc="250,-77,250,0,240,0,250,87" /><INIT seed="1,0,0,1,2,57" ten="173,250,240,337" oya="1" hai0="44,100,22,48,111,29,78,24,98,23,134,31,46" hai1="58,85,68,1,6,2,30,33,108,64,9,130,129" hai2="81,67,62,19,131,51,0,37,116,18,115,91,39" hai3="66,35,99,45,79,52,70,16,112,133,13,93,96"/><U4/><E85/><V124/><F116/><W3/><G112/><T73/><D134/><U71/><E58/><V75/><F0/><W125/><G133/><T63/><D73/><U25/><E108/><V110/><F110/><W120/><G120/><T117/><D117/><U60/><REACH who="1" step="1"/><E71/><REACH who="1" ten="173,240,240,337" step="2"/><V38/><F75/><W132/><G132/><T82/><D111/><U97/><E97/><V34/><F115/><W28/><G3/><T26/><D46/><U36/><E36/><V59/><F39/><W43/><G125/><T84/><D98/><U95/><E95/><V50/><F38/><W128/><G99/><T77/><D100/><U17/><E17/><N who="2" m="6155" /><F37/><W47/><G128/><T123/><D123/><U88/><E88/><V83/><F131/><W8/><G70/><T40/><D78/><U92/><E92/><V87/><F124/><W32/><G66/><T55/><REACH who="0" step="1"/><D40/><REACH who="0" ten="163,240,240,337" step="2"/><U127/><E127/><V103/><F103/><W89/><G43/><T65/><D65/><U42/><E42/><V94/><F34/><W113/><G35/><T90/><D90/><U27/><E27/><V102/><F102/><W15/><G32/><T105/><D105/><U119/><E119/><V126/><F126/><W76/><G113/><T122/><D122/><U86/><E86/><N who="2" m="50655" /><F94/><W12/><G93/><T61/><AGARI ba="0,2" hai="22,23,24,26,29,31,44,48,55,61,63,77,82,84" machi="61" ten="30,12000,2" yaku="1,1,0,1,9,1,8,1,52,2,53,1" doraHai="57" doraHaiUra="49" who="0" fromWho="0" sc="163,140,240,-60,240,-30,337,-30" /><INIT seed="2,0,0,3,4,43" ten="303,180,210,307" oya="2" hai0="57,5,47,88,1,41,132,44,126,130,119,39,128" hai1="42,55,76,113,46,24,19,79,124,32,66,123,86" hai2="90,17,127,131,105,18,31,92,2,135,65,53,69" hai3="75,99,14,56,96,122,100,59,52,120,30,108,48"/><V101/><F2/><W35/><G75/><T107/><D107/><U133/><E113/><V0/><F0/><W49/><G120/><T103/><D103/><U80/><E123/><V6/><F6/><W98/><G122/><T54/><D5/><U78/><E124/><V16/><F127/><W110/><G35/><T9/><D126/><U34/><E34/><V84/><F135/><W64/><G30/><T28/><D28/><U21/><E66/><V22/><F131/><N who="0" m="50218" /><D9/><U51/><E133/><V26/><F53/><W12/><G64/><T87/><D1/><U62/><E32/><V68/><REACH who="2" step="1"/><F65/><REACH who="2" ten="303,180,200,307" step="2"/><W29/><G110/><T33/><D132/><U97/><E97/><AGARI ba="0,1" hai="16,17,18,22,26,31,68,69,84,90,92,97,101,105" machi="97" ten="40,7700,0" yaku="1,1,2,1,54,1,53,0" doraHai="43" doraHaiUra="109" who="2" fromWho="1" sc="303,0,180,-77,200,87,307,0" /><INIT seed="2,1,0,5,2,76" ten="303,103,287,307" oya="2" hai0="118,4,20,83,95,50,61,6,39,19,86,89,25" hai1="29,66,51,121,10,18,79,7,42,14,81,46,62" hai2="102,32,122,9,107,94,65,22,96,59,55,28,128" hai3="36,90,87,43,67,45,48,17,115,8,97,101,75"/><V93/><F122/><W12/><G75/><T127/><D39/><U16/><E29/><V108/><F128/><W113/><G36/><T56/><D50/><U47/><E47/><V70/><F108/><W69/><G69/><T41/><D41/><U30/><E30/><V23/><F9/><W88/><G67/><T130/><D130/><U26/><E26/><V72/><F72/><W84/><G84/><T0/><D0/><U57/><REACH who="1" step="1"/><E121/><REACH who="1" ten="303,93,287,307" step="2"/><V91/><F28/><W111/><G115/><T106/><D118/><U116/><E116/><V37/><F32/><W77/><G113/><T78/><D127/><U103/><E103/><V74/><F102/><W126/><G126/><T64/><D106/><U2/><E2/><V134/><F107/><W129/><G111/><T54/><REACH who="0" step="1"/><D64/><REACH who="0" ten="293,93,287,307" step="2"/><U132/><E132/><V27/><F65/><W105/><G105/><T33/><D33/><U31/><E31/><V99/><F134/><W131/><G129/><T53/><D53/><U34/><E34/><V120/><F55/><W11/><G131/><T49/><D49/><U133/><E133/><V35/><F35/><W13/><G101/><T124/><D124/><U5/><E5/><V60/><F120/><W119/><G119/><T52/><D52/><U98/><E98/><AGARI ba="1,2" hai="4,6,19,20,25,54,56,61,78,83,86,89,95,98" machi="98" ten="30,12000,2" yaku="1,1,7,1,25,2,8,1,52,1,53,1" doraHai="76" doraHaiUra="82" who="0" fromWho="1" sc="293,143,93,-123,287,0,307,0" owari="436,53,-30,-53,287,-11,307,11" /></mjloggm>