<mjloggm ver="2.3"><GO type="137" lobby="0"/><UN n0="%6D%61%67%6F%36" n1="%E5%BF%8D%E5%A4%AA" n2="%E6%B7%B1%E4%BF%A1" n3="%E7%95%99%E8%90%8C" dan="12,11,12,11" rate="1594.35,1651.64,1679.76,1536.92" sx="M,M,M,F"/><TAIKYOKU oya="0"/><INIT seed="0,0,0,4,0,30" ten="250,250,250,250" oya="0" hai0="86,6,81,73,74,64,79,108,116,133,67,120,48" hai1="112,76,24,55,66,15,16,41,34,130,131,42,52" hai2="129,103,50,134,121,11,43,40,3,49,68,71,126" hai3="82,53,99,109,100,83,32,17,80,118,125,93,22"/><T102/><D120/><U95/><E76/><V123/><F103/><W91/><G118/><T31/><D74/><U88/><E66/><V106/><F11/><W8/><G125/><T46/><D73/><U90/><E112/><V97/><F97/><W110/><G32/><T56/><D116/><U132/><E132/><V14/><F14/><W23/><G8/><T54/><D133/><U77/><E77/><V128/><F126/><W57/><G100/><T35/><D102/><U39/><E34/><V62/><F134/><W38/><G38/><T72/><D6/><U105/><E24/><V69/><F62/><N who="3" m="36143" /><G23/><T94/><D46/><U122/><E105/><V96/><F96/><W92/><G92/><T104/><D104/><U58/><E122/><N who="2" m="46603" /><F3/><W26/><AGARI ba="0,0" hai="17,22,26,80,82,83,91,93,99,109,110" m="36143" machi="26" ten="30,1100,0" yaku="25,1" doraHai="30" who="3" fromWho="3" sc="250,-5,250,-3,250,-3,250,11" /><INIT seed="1,0,0,3,2,106" ten="245,247,247,261" oya="1" hai0="127,67,60,1,77,41,115,73,69,130,46,131,74" hai1="40,123,88,101,91,54,95,72,87,31,107,50,102" hai2="121,135,124,80,111,85,82,109,25,21,86,53,132" hai3="70,103,84,97,96,81,9,93,19,33,26,112,126"/><U119/><E107/><V92/><F53/><W58/><G112/><T116/><D115/><U12/><E72/><V98/><F21/><W100/><G70/><T117/><D1/><U6/><E119/><N who="0" m="45641" /><D77/><U13/><E31/><V47/><F47/><W8/><G126/><T114/><D114/><U36/><E36/><V61/><F61/><W24/><G33/><T28/><D28/><U39/><E39/><V44/><F44/><W75/><G75/><T20/><D20/><U57/><E40/><V62/><F25/><N who="3" m="9835" /><G58/><T122/><D122/><U90/><E123/><V16/><F62/><W23/><G23/><T11/><D11/><N who="3" m="4169" /><G19/><T35/><D35/><U125/><E125/><V118/><F16/><W32/><G32/><T5/><D5/><U120/><E120/><V99/><F121/><W4/><G4/><T15/><D15/><N who="1" m="5707" /><E6/><V94/><F124/><W38/><G38/><N who="0" m="21815" /><D127/><U0/><E0/><V133/><F118/><W63/><G63/><T79/><D79/><U78/><E78/><V29/><F29/><W7/><G7/><T89/><D89/><AGARI ba="0,0" hai="50,54,57,87,88,89,90,91,95,101,102" m="5707" machi="89" ten="30,2900,0" yaku="8,1,54,1" doraHai="106" who="1" fromWho="0" sc="245,-29,247,29,247,0,261,0" /><INIT seed="1,1,0,4,0,119" ten="216,276,247,261" oya="1" hai0="93,97,41,52,81,84,115,53,70,77,112,30,60" hai1="5,100,126,132,123,75,64,39,113,103,111,73,135" hai2="2,7,125,108,58,131,13,122,32,120,106,72,116" hai3="1,63,118,66,83,46,3,28,56,98,12,89,18"/><U99/><E39/><V68/><F116/><W54/><G118/><T21/><D41/><U134/><E5/><V69/><F13/><W9/><G28/><T128/><D128/><U74/><E64/><V91/><F91/><W42/><G42/><T61/><D70/><N who="2" m="27242" /><F58/><W130/><G130/><T37/><D37/><U62/><E62/><V48/><F48/><N who="3" m="28951" /><G98/><T92/><D92/><U29/><E29/><V105/><F131/><W133/><G133/><T85/><D21/><U59/><E59/><V87/><F87/><AGARI ba="1,0" hai="1,3,9,12,18,56,63,66,83,87,89" m="28951" machi="87" ten="30,1000,0" yaku="25,1" doraHai="119" who="3" fromWho="2" sc="216,0,276,0,247,-13,261,13" /><INIT seed="2,0,0,3,2,120" ten="216,276,234,274" oya="2" hai0="45,15,23,17,27,37,41,68,131,55,77,82,16" hai1="104,132,38,43,106,122,33,95,103,90,14,79,74" hai2="50,4,6,117,93,105,84,124,87,88,85,28,32" hai3="116,40,47,22,31,121,91,75,92,78,5,21,112"/><V53/><F117/><W126/><G116/><T134/><D134/><U13/><E33/><V96/><F124/><W81/><G121/><T9/><D131/><U24/><E122/><V72/><F72/><W26/><G126/><T113/><D113/><U107/><E132/><V73/><F73/><W56/><G112/><T2/><D2/><U12/><E38/><V46/><REACH who="2" step="1"/><F105/><REACH who="2" ten="216,276,224,274" step="2"/><W83/><G75/><T111/><D68/><U115/><E115/><V130/><F130/><W119/><G119/><T89/><D89/><U65/><E74/><V64/><F64/><W76/><G40/><T30/><D55/><U94/><E79/><N who="3" m="30250" /><G5/><T66/><D66/><U61/><E43/><V42/><F42/><W11/><G47/><T36/><D37/><U0/><E103/><V35/><F35/><W114/><G114/><T54/><D54/><U63/><E65/><V69/><F69/><W133/><G133/><T125/><D125/><U48/><E90/><V10/><F10/><W99/><G11/><T100/><D100/><U102/><E102/><V51/><F51/><W70/><G70/><T18/><REACH who="0" step="1"/><D111/><REACH who="0" ten="206,276,224,274" step="2"/><U3/><E48/><V101/><F101/><W110/><G110/><T29/><D29/><U62/><REACH who="1" step="1"/><E24/><AGARI ba="0,2" hai="4,6,24,28,32,46,50,53,84,85,87,88,93,96" machi="24" ten="40,3900,0" yaku="1,1,54,1,53,0" doraHai="120" doraHaiUra="123" who="2" fromWho="1" sc="206,0,276,-39,224,59,274,0" /><INIT seed="2,1,0,5,1,70" ten="206,237,283,274" oya="2" hai0="74,29,105,39,27,7,123,109,66,12,11,102,60" hai1="92,82,34,63,22,13,125,18,10,15,73,81,93" hai2="8,114,16,3,129,90,28,72,89,133,44,86,76" hai3="96,38,108,91,121,30,20,49,124,84,9,95,134"/><V75/><F114/><W94/><G121/><T120/><D109/><U0/><E34/><V40/><F40/><W5/><G108/><T51/><D51/><U14/><E125/><V119/><F133/><W131/><G124/><T33/><D74/><U43/><E73/><V54/><F129/><W111/><G111/><T26/><D27/><U32/><E32/><V68/><F68/><W42/><G131/><T1/><D123/><U79/><E63/><V127/><F127/><W4/><G134/><T21/><D120/><U56/><E56/><V118/><F3/><W130/><G130/><T78/><D78/><U101/><E43/><V128/><F28/><W31/><G38/><T99/><D21/><U132/><E132/><V71/><F71/><W106/><G106/><T41/><D12/><N who="1" m="4715" /><E0/><V65/><F65/><W57/><G42/><T77/><D77/><U53/><E79/><V117/><F128/><W35/><G35/><T55/><D55/><U69/><E69/><V50/><F76/><W122/><G122/><T104/><D60/><U52/><E22/><V80/><REACH who="2" step="1"/><F90/><REACH who="2" ten="206,237,273,274" step="2"/><W2/><G2/><T59/><D66/><U113/><E113/><V47/><F47/><W17/><G31/><T83/><D59/><U98/><E53/><V62/><F62/><W110/><G110/><T112/><D112/><U61/><BYE who="0" /><E52/><V135/><F135/><W85/><G30/><T67/><D67/><U19/><E61/><V103/><F103/><W24/><G91/><T48/><D48/><U46/><E46/><V116/><N who="2" m="29696" /><DORA hai="6" /><V25/><F25/><W23/><G24/><RYUUKYOKU ba="1,1" sc="206,-10,237,-10,273,30,274,-10" hai2="8,16,44,50,54,72,75,80,86,89" /><INIT seed="2,2,1,1,0,133" ten="196,227,303,264" oya="2" hai0="58,19,17,35,45,57,4,39,80,1,124,113,106" hai1="134,27,24,91,105,50,66,21,99,9,119,34,20" hai2="64,55,47,131,16,132,10,63,110,94,25,11,23" hai3="74,43,7,83,111,72,121,107,85,5,41,18,69"/><V60/><F132/><W123/><G69/><T77/><D77/><U37/><E134/><V92/><F131/><W26/><G107/><T31/><D31/><U84/><E37/><V108/><F47/><W8/><G123/><T82/><D82/><U87/><E119/><V49/><F49/><W98/><G121/><T0/><D0/><U62/><E34/><V12/><F55/><W46/><G46/><T130/><D130/><U125/><E50/><UN n0="%6D%61%67%6F%36" /><V3/><F3/><W61/><G111/><N who="2" m="42537" /><F60/><W76/><G61/><T67/><D35/><U14/><E125/><V30/><F10/><W120/><G120/><T101/><D67/><U102/><E66/><V53/><F53/><W29/><G72/><T40/><D58/><AGARI ba="2,1" hai="11,12,16,23,25,30,58,63,64,92,94" m="42537" machi="58" ten="30,5800,0" yaku="14,1,10,1,54,1" doraHai="133" who="2" fromWho="0" sc="196,-64,227,0,303,74,264,0" /><INIT seed="2,3,0,4,3,127" ten="132,227,377,264" oya="2" hai0="49,135,122,76,9,74,45,68,65,43,28,22,73" hai1="89,0,18,25,16,75,116,47,105,33,56,81,15" hai2="79,20,66,82,48,27,101,46,80,31,121,5,88" hai3="21,61,131,50,41,109,86,113,102,24,59,8,72"/><V71/><F121/><W107/><G72/><T30/><D122/><U115/><E0/><V29/><F5/><W64/><G109/><T14/><D135/><U34/><E105/><V119/><F119/><W98/><G113/><T112/><D112/><U132/><E115/><V58/><F31/><W7/><G131/><T54/><D22/><U51/><E116/><V123/><F101/><W60/><G86/><T23/><D23/><U17/><E132/><V97/><F71/><W13/><G60/><T124/><D124/><U26/><E56/><V90/><F123/><W93/><G107/><T120/><D74/><U39/><E39/><V42/><F58/><W78/><G78/><T129/><D129/><U19/><E15/><V63/><F63/><W106/><G106/><T96/><D96/><U69/><E69/><V85/><F66/><W125/><G125/><T57/><D120/><U130/><E130/><V4/><F4/><W77/><G77/><T118/><D118/><U3/><E3/><V128/><F128/><W32/><G32/><T35/><D35/><U1/><E1/><V95/><F82/><W84/><G41/><T11/><D76/><U6/><E6/><V100/><AGARI ba="3,0" hai="20,27,29,42,46,48,79,80,85,88,90,95,97,100" machi="100" ten="20,7800,0" yaku="0,1,7,1,8,1,54,1" doraHai="127" who="2" fromWho="2" sc="132,-29,227,-29,377,87,264,-29" /><INIT seed="2,4,0,3,0,9" ten="103,198,464,235" oya="2" hai0="64,10,8,104,129,85,127,105,69,24,53,77,115" hai1="109,68,88,7,65,18,128,44,135,67,131,46,89" hai2="132,40,4,15,99,106,41,61,5,55,14,48,20" hai3="2,60,86,38,33,71,19,92,51,29,45,59,133"/><V111/><F132/><W110/><G133/><T66/><D115/><U73/><E135/><V123/><F123/><W76/><G71/><T116/><D127/><U119/><E7/><N who="2" m="2635" /><F106/><W36/><G2/><T3/><D24/><U30/><E18/><N who="2" m="10327" /><F61/><W103/><G110/><T95/><D53/><U49/><E30/><V87/><F99/><W113/><G113/><T125/><D125/><U62/><E109/><V12/><F111/><W72/><G72/><T114/><D114/><U96/><E73/><V112/><F87/><W34/><G34/><T98/><D69/><U82/><E96/><V56/><F112/><W26/><G76/><T21/><D105/><U0/><E0/><V108/><F108/><W90/><G103/><T42/><D104/><U118/><E68/><V23/><F23/><W58/><G19/><T22/><D21/><U6/><E6/><V52/><F55/><N who="3" m="33887" /><G59/><T100/><D22/><U124/><E62/><V57/><F57/><W117/><G117/><T83/><D3/><U54/><E124/><V39/><F39/><W134/><G134/><T31/><D116/><U1/><E1/><V63/><F63/><W97/><G86/><T91/><D42/><AGARI ba="4,0" hai="12,15,40,41,42,48,52,56" m="10327,2635" machi="42" ten="30,12000,1" yaku="8,1,52,3,54,1" doraHai="9" who="2" fromWho="0" sc="103,-132,198,0,464,132,235,0" owari="-29,-53,198,-20,596,69,235,4" /></mjloggm>