<mjloggm ver="2.3"><GO type="137" lobby="0"/><UN n0="%E2%98%86%E3%81%8F%E3%81%BE%E3%81%8A%E2%98%86" n1="%E7%95%99%E8%90%8C" n2="%E3%81%99%E3%81%9A%EF%BC%A0%E8%87%AA%E5%A0%95%E8%90%BD" n3="%E3%82%B9%E3%83%BC%E3%83%91%E3%83%BC%E3%81%97%E3%81%BE%E3%81%98%E3%82%8D" dan="11,11,13,11" rate="1509.77,1589.57,1758.89,1558.56" sx="M,F,F,M"/><TAIKYOKU oya="0"/><INIT seed="0,0,0,2,0,119" ten="250,250,250,250" oya="0" hai0="18,10,8,13,87,64,107,114,59,57,126,94,51" hai1="125,74,46,82,115,1,93,84,103,2,66,86,73" hai2="27,104,24,109,100,32,63,40,55,58,85,96,112" hai3="44,7,4,71,65,16,37,23,95,11,78,105,135"/><T127/><D107/><U42/><E66/><V123/><F109/><W124/><G105/><T6/><D114/><U75/><E115/><V91/><F112/><W133/><G78/><T113/><D113/><U130/><E1/><V110/><F110/><W36/><G124/><T79/><D79/><U121/><E2/><V19/><F40/><W26/><G95/><T76/><D64/><U106/><E125/><N who="0" m="47625" /><D51/><U12/><E12/><V3/><F3/><N who="3" m="415" /><G7/><T14/><D76/><U48/><E130/><V28/><F24/><W5/><G5/><T34/><D34/><U116/><E116/><V0/><F0/><W128/><G128/><T43/><D43/><U131/><E131/><V25/><F25/><W33/><G33/><T92/><D87/><U62/><E62/><V29/><F29/><W108/><G108/><T53/><D59/><U90/><E121/><V72/><F72/><W83/><G83/><T17/><D6/><U67/><E67/><V122/><REACH who="2" step="1"/><F19/><REACH who="2" ten="250,250,240,250" step="2"/><W97/><G16/><T61/><AGARI ba="0,1" hai="8,10,13,14,17,18,53,57,61,92,94" m="47625" machi="61" ten="30,1500,0" yaku="18,1" doraHai="119" who="0" fromWho="0" sc="250,25,250,-5,240,-5,250,-5" /><INIT seed="0,1,0,5,0,82" ten="275,245,235,245" oya="0" hai0="101,11,53,45,28,4,81,39,118,65,31,99,115" hai1="34,1,107,22,114,41,93,113,110,132,74,106,98" hai2="135,19,43,95,18,6,72,61,88,67,102,77,12" hai3="58,56,70,108,80,52,13,3,10,42,33,94,47"/><T127/><D118/><U129/><E34/><V21/><F135/><W24/><G70/><T35/><D115/><N who="1" m="44043" /><E1/><V54/><F43/><W86/><G3/><T125/><D35/><U109/><E41/><V20/><F72/><W71/><G71/><T134/><D39/><U37/><E37/><V76/><F102/><W30/><G108/><N who="1" m="41578" /><E22/><V48/><F6/><N who="3" m="3287" /><G94/><T117/><D65/><U44/><E44/><N who="2" m="27911" /><F61/><N who="3" m="35975" /><G58/><T25/><D117/><U124/><E132/><V120/><F67/><W26/><G42/><T5/><D134/><U14/><E14/><N who="2" m="9303" /><F120/><W96/><G33/><T2/><D2/><U29/><E29/><V38/><F38/><W40/><G30/><T60/><D31/><U75/><E124/><V119/><F119/><W130/><G130/><T111/><D28/><U32/><E32/><V49/><F49/><N who="3" m="26855" /><G96/><AGARI ba="1,0" hai="12,19,21,76,77,88,95,96" m="9303,27911" machi="96" ten="30,2000,0" yaku="8,1,54,1" doraHai="82" who="2" fromWho="3" sc="275,0,245,0,235,23,245,-23" /><INIT seed="1,0,0,2,1,70" ten="275,245,258,222" oya="1" hai0="66,121,12,6,106,3,57,95,40,97,69,79,21" hai1="13,58,48,118,59,10,85,107,1,126,19,109,34" hai2="31,114,112,5,45,73,132,62,86,0,25,37,15" hai3="111,63,134,33,90,42,24,47,93,43,135,80,122"/><U35/><E118/><V29/><F73/><W8/><G122/><T65/><D69/><U125/><E107/><V32/><F29/><N who="3" m="19623" /><G63/><T9/><D106/><U60/><E1/><V55/><F132/><N who="3" m="50731" /><G111/><T61/><D79/><U117/><E117/><V82/><F0/><W78/><G8/><T89/><D121/><U104/><E104/><V91/><F15/><W50/><G43/><T26/><D3/><U51/><E109/><V98/><F5/><W74/><G90/><T23/><D40/><U120/><E85/><V49/><F37/><N who="3" m="21967" /><G93/><T46/><D46/><U83/><E83/><V14/><F62/><W4/><G4/><T30/><D23/><U81/><E81/><V131/><F14/><W133/><G50/><N who="1" m="18986" /><E120/><V36/><F36/><W20/><G20/><T108/><D108/><U18/><E18/><V39/><F39/><W129/><N who="3" m="50739" /><W100/><DORA hai="11" /><G100/><T28/><REACH who="0" step="1"/><D30/><REACH who="0" ten="265,245,258,222" step="2"/><U119/><E119/><V52/><F45/><W27/><G129/><T41/><D41/><U110/><E110/><V72/><F31/><W71/><G71/><T7/><D7/><U116/><E116/><V54/><F32/><W101/><G101/><T94/><D94/><U22/><E22/><V123/><F131/><W88/><G27/><T77/><D77/><U16/><E19/><V127/><F123/><W53/><G53/><AGARI ba="0,1" hai="6,9,12,21,26,28,53,57,61,65,66,89,95,97" machi="53" ten="30,7700,0" yaku="1,1,7,1,8,1,52,1,53,0" doraHai="70,11" doraHaiUra="113,124" who="0" fromWho="3" sc="265,87,245,0,258,0,222,-77" /><INIT seed="2,0,0,5,1,15" ten="352,245,258,145" oya="2" hai0="135,23,21,117,67,40,54,46,4,62,84,28,88" hai1="132,81,115,95,91,90,63,60,33,124,16,102,87" hai2="92,57,20,9,36,27,2,32,42,49,25,8,6" hai3="99,104,106,131,41,98,44,111,5,74,1,123,52"/><V10/><F36/><W24/><G123/><T120/><D117/><U96/><E115/><V134/><F42/><W18/><G74/><T129/><D120/><U50/><E33/><V30/><F92/><W118/><G118/><T22/><D135/><U45/><E132/><V0/><F57/><W119/><G119/><T103/><D103/><U11/><E124/><V108/><F49/><W83/><G111/><T56/><D4/><U19/><E102/><V61/><F61/><N who="1" m="23625" /><E11/><V109/><F134/><W105/><G131/><T79/><D79/><U29/><E29/><N who="2" m="17575" /><F6/><W73/><G73/><T55/><D129/><U116/><E116/><V66/><F66/><W89/><G1/><AGARI ba="0,0" hai="0,1,2,8,9,10,27,30,32,108,109" m="17575" machi="1" ten="40,3900,0" yaku="34,2" doraHai="15" who="2" fromWho="3" sc="352,0,245,0,258,39,145,-39" /><INIT seed="2,1,0,4,1,118" ten="352,245,297,106" oya="2" hai0="5,13,103,124,125,86,39,99,63,26,131,102,94" hai1="46,19,22,15,78,77,4,33,16,59,38,52,31" hai2="98,84,56,49,61,126,91,50,23,27,55,119,104" hai3="65,48,45,0,51,1,74,24,122,2,58,12,67"/><V44/><F119/><W88/><G74/><T123/><D39/><U107/><E107/><V120/><F120/><W53/><G24/><T95/><D26/><U36/><E33/><V110/><F110/><W7/><G7/><T109/><D63/><U28/><E77/><V35/><F35/><W68/><G68/><T80/><D13/><U62/><E78/><V121/><F121/><W132/><G132/><T108/><D5/><U128/><E128/><V115/><F115/><W73/><G73/><T14/><D14/><U25/><E36/><V71/><F71/><W116/><G116/><T79/><D123/><U3/><E38/><V37/><F37/><W6/><G6/><T87/><D131/><U21/><REACH who="1" step="1"/><E46/><REACH who="1" ten="352,235,297,106" step="2"/><V17/><F104/><W100/><G122/><T112/><D112/><U134/><E134/><V72/><F44/><W106/><G106/><T30/><D30/><U82/><E82/><V92/><F72/><W130/><G130/><T93/><D87/><U135/><E135/><V8/><F84/><W10/><G45/><T42/><D42/><U54/><E54/><V90/><F55/><W111/><G111/><N who="0" m="42571" /><D103/><U18/><E18/><V34/><F34/><W76/><G76/><T64/><D64/><U133/><E133/><V89/><F17/><W43/><G43/><T127/><AGARI ba="1,1" hai="79,80,86,93,94,95,99,102,124,125,127" m="42571" machi="127" ten="40,8000,1" yaku="18,1,14,1,34,2" doraHai="118" who="0" fromWho="0" sc="352,93,235,-21,297,-41,106,-21" /><INIT seed="3,0,0,4,2,131" ten="445,214,256,85" oya="3" hai0="51,88,135,103,46,125,122,93,40,81,83,9,3" hai1="45,124,90,41,62,128,37,24,111,121,127,50,31" hai2="30,108,57,102,44,69,107,115,26,20,129,43,4" hai3="33,10,27,67,100,74,120,123,97,47,21,29,7"/><W32/><G74/><T1/><D122/><U118/><E121/><V5/><F129/><W134/><G123/><T126/><D103/><U16/><E128/><V77/><F69/><W95/><G120/><T56/><D56/><U106/><E106/><V65/><F115/><W17/><G67/><T28/><D28/><U130/><E130/><V12/><F12/><N who="3" m="9383" /><G33/><T19/><D1/><U18/><E37/><V84/><F107/><W22/><G47/><T92/><D92/><U13/><E118/><V101/><F65/><W91/><G100/><T64/><D64/><U75/><E111/><V72/><F108/><W39/><G39/><T73/><D73/><U52/><E75/><V63/><F72/><W48/><G48/><T96/><D135/><U132/><E132/><V71/><F71/><W49/><G49/><T98/><D98/><U110/><E110/><V114/><F114/><W117/><G117/><T119/><D119/><U42/><E90/><V66/><F101/><W116/><G116/><T14/><REACH who="0" step="1"/><D3/><REACH who="0" ten="435,214,256,85" step="2"/><U68/><E68/><V53/><F102/><W76/><G134/><T133/><D133/><U89/><E31/><V11/><F66/><W34/><G34/><T105/><D105/><U79/><E89/><V25/><F30/><W112/><G112/><T86/><D86/><U61/><E24/><V59/><F26/><W54/><G22/><T87/><D87/><U94/><E94/><V60/><F20/><W6/><G6/><T0/><D0/><U8/><E79/><V70/><F4/><W23/><G23/><T78/><D78/><U113/><E113/><RYUUKYOKU ba="0,1" sc="435,30,214,-10,256,-10,85,-10" hai0="9,14,19,40,46,51,81,83,88,93,96,125,126" /><INIT seed="4,1,1,5,1,52" ten="465,204,246,75" oya="0" hai0="73,44,106,46,79,116,60,47,33,133,0,17,102" hai1="97,99,135,61,53,66,84,120,2,114,113,128,93" hai2="121,108,92,89,118,40,117,80,34,110,85,74,1" hai3="68,19,8,5,81,23,107,9,58,123,98,11,119"/><T55/><D0/><U24/><E120/><V29/><F1/><W28/><G119/><N who="2" m="45577" /><F40/><W67/><G68/><T104/><D33/><U32/><E2/><V43/><F43/><W72/><G123/><T111/><D116/><U51/><E128/><V91/><F34/><W95/><G107/><T45/><D133/><U41/><E135/><V127/><F29/><W83/><G72/><T37/><D37/><U63/><E41/><V134/><F134/><W59/><G5/><T25/><D111/><N who="2" m="42538" /><F121/><W103/><G67/><T10/><D102/><U131/><E131/><V96/><F74/><W14/><REACH who="3" step="1"/><G28/><REACH who="3" ten="465,204,246,65" step="2"/><T54/><D106/><U101/><E32/><V122/><F122/><W15/><G15/><T39/><D104/><U126/><E126/><AGARI ba="1,2" hai="80,85,89,91,92,96,126,127" m="42538,45577" machi="126" ten="40,5200,0" yaku="12,1,34,2" doraHai="52" who="2" fromWho="1" sc="465,0,204,-55,246,75,65,0" /><INIT seed="5,0,0,1,4,119" ten="465,149,321,65" oya="1" hai0="85,115,12,18,17,5,14,57,110,95,46,82,88" hai1="127,81,106,24,27,124,1,130,96,47,51,49,131" hai2="19,135,42,126,101,129,30,38,25,10,70,72,79" hai3="71,40,87,90,103,69,62,23,109,75,39,7,120"/><U48/><E1/><V84/><F72/><W0/><G109/><T108/><D115/><U117/><E117/><V76/><F126/><N who="1" m="48169" /><E81/><V104/><F129/><N who="1" m="49161" /><E47/><V15/><F135/><W56/><G75/><T64/><D5/><U43/><E43/><V37/><F70/><W80/><G120/><T102/><D110/><U67/><E67/><V34/><F42/><W118/><G118/><T125/><D108/><U8/><E8/><V3/><F3/><W60/><G40/><T55/><D125/><U121/><E121/><V13/><F84/><W92/><G39/><T93/><D46/><U22/><E22/><V74/><F74/><W83/><G103/><AGARI ba="0,0" hai="24,27,48,49,51,96,103,106" m="49161,48169" machi="103" ten="40,3900,0" yaku="18,1,19,1" doraHai="119" who="1" fromWho="3" sc="465,0,149,39,321,0,65,-39" /><INIT seed="5,1,0,0,3,109" ten="465,188,321,26" oya="1" hai0="133,92,10,50,115,61,64,4,131,108,75,1,2" hai1="116,41,67,121,118,65,18,111,135,15,78,5,43" hai2="6,87,120,127,69,7,107,12,25,45,44,63,58" hai3="46,112,102,86,52,106,89,36,19,132,21,99,113"/><U54/><E111/><V130/><F69/><W48/><G36/><T117/><D75/><U125/><E121/><V38/><F120/><W134/><G89/><T71/><D108/><U22/><E118/><V57/><F107/><W66/><G66/><N who="1" m="25098" /><E116/><V124/><F130/><W51/><G51/><T104/><D104/><U74/><E74/><V37/><F25/><N who="3" m="14527" /><G86/><T33/><D33/><U3/><E135/><AGARI ba="1,0" hai="46,48,52,99,102,106,112,113,132,134,135" m="14527" machi="135" ten="30,7700,0" yaku="20,1,52,2,54,1" doraHai="109" who="3" fromWho="1" sc="465,0,188,-80,321,0,26,80" /><INIT seed="6,0,0,0,4,79" ten="465,108,321,106" oya="2" hai0="56,106,39,116,19,12,131,22,115,126,67,111,28" hai1="132,8,14,102,94,124,74,41,108,55,45,21,53" hai2="42,27,54,130,57,49,127,59,35,85,52,76,48" hai3="134,99,80,114,93,96,104,11,37,1,122,84,23"/><V69/><F35/><W70/><G122/><T88/><D39/><U0/><E74/><V26/><F69/><W107/><G70/><T17/><D106/><U38/><E108/><V43/><F76/><W119/><G119/><T60/><D111/><U4/><E132/><V121/><F85/><W10/><G37/><T123/><D116/><U63/><E124/><V58/><F127/><W92/><G134/><T33/><D126/><U34/><E34/><V98/><F121/><W82/><G114/><T109/><D123/><U117/><E117/><V25/><F98/><W18/><G18/><T75/><D75/><U89/><E102/><V3/><F3/><W15/><G15/><T105/><D105/><U7/><E63/><V31/><F130/><W64/><G64/><T86/><D131/><U81/><E81/><N who="3" m="31338" /><G84/><T113/><D109/><U66/><E66/><V36/><F36/><W83/><N who="3" m="31346" /><W77/><DORA hai="5" /><G23/><T68/><D68/><U71/><E71/><V128/><F128/><W44/><G44/><T40/><D33/><U125/><E125/><V20/><REACH who="2" step="1"/><F59/><REACH who="2" ten="465,108,311,106" step="2"/><W133/><G77/><T78/><D78/><U13/><E21/><V135/><F135/><W87/><G133/><T73/><D115/><U103/><E0/><V120/><F120/><W2/><G87/><T30/><D86/><N who="1" m="52535" /><E103/><V101/><F101/><W46/><G46/><T62/><D56/><U112/><E112/><V91/><F91/><W110/><G110/><T118/><D88/><U90/><E90/><V50/><F50/><W51/><G51/><T9/><D118/><U65/><E65/><RYUUKYOKU ba="0,1" sc="465,-15,108,15,311,15,106,-15" hai1="4,7,8,13,14,38,41,45,53,55" hai2="20,25,26,27,31,42,43,48,49,52,54,57,58" /><INIT seed="6,1,1,1,0,60" ten="450,123,326,91" oya="2" hai0="15,54,31,79,8,124,85,50,102,80,44,51,1" hai1="14,33,118,48,28,42,47,72,101,12,3,127,73" hai2="126,61,125,104,113,75,130,89,29,106,105,111,17" hai3="134,70,115,30,108,94,92,5,43,131,71,66,58"/><V132/><F75/><W123/><G108/><T99/><D124/><N who="2" m="47722" /><F111/><W114/><G123/><T109/><D1/><U97/><E3/><V116/><F116/><W40/><G30/><T56/><D31/><U122/><E118/><V10/><F130/><W62/><G5/><T133/><D109/><U32/><E122/><V74/><F74/><W20/><G131/><T93/><D133/><U90/><E127/><V100/><F132/><W16/><G134/><T18/><D44/><U9/><E73/><V46/><F46/><W96/><G71/><T117/><REACH who="0" step="1"/><D117/><REACH who="0" ten="440,123,326,91" step="2"/><U39/><E72/><V57/><F29/><W83/><G70/><T119/><D119/><U98/><E28/><V38/><F38/><W19/><G83/><T59/><D59/><U24/><E39/><V65/><F100/><W6/><G96/><T88/><D88/><U112/><E90/><V86/><F89/><W4/><G20/><T23/><D23/><U45/><E101/><V35/><F35/><W7/><G43/><T110/><D110/><U77/><E33/><V128/><F128/><W64/><G40/><T0/><D0/><U81/><E32/><V36/><F36/><W84/><G58/><T95/><D95/><N who="3" m="36393" /><G62/><AGARI ba="1,2" hai="8,15,18,50,51,54,56,62,79,80,85,93,99,102" machi="62" ten="30,3900,0" yaku="1,1,7,1,8,1,53,0" doraHai="60" doraHaiUra="22" who="0" fromWho="3" sc="440,62,123,0,326,0,91,-42" /><INIT seed="7,0,0,3,0,118" ten="502,123,326,49" oya="3" hai0="75,99,64,49,72,119,12,38,110,8,1,13,91" hai1="127,7,36,113,47,96,129,101,122,15,97,63,18" hai2="51,68,0,100,32,60,107,29,135,121,61,94,66" hai3="81,83,87,34,43,92,56,19,46,74,131,126,108"/><W45/><G108/><T16/><D38/><U3/><E113/><V124/><F61/><W33/><G126/><T116/><D110/><U106/><E122/><V79/><F94/><W114/><G74/><T111/><D1/><U65/><E127/><V4/><F51/><W89/><G114/><T70/><D111/><U42/><E129/><V41/><F41/><W62/><G131/><T123/><D123/><U10/><E97/><N who="2" m="61839" /><F124/><W117/><G117/><T105/><D72/><U54/><E54/><V112/><F79/><W104/><G104/><T30/><D75/><U115/><E115/><V39/><F112/><W40/><G34/><T25/><D12/><U77/><E77/><V98/><F98/><N who="3" m="57615" /><G33/><T90/><D105/><U26/><E26/><N who="2" m="18487" /><F39/><W132/><G132/><T55/><D116/><U120/><E120/><V44/><F121/><W2/><G19/><T52/><D119/><U84/><E84/><V59/><F44/><N who="3" m="17003" /><G2/><T22/><D99/><U6/><REACH who="1" step="1"/><E3/><REACH who="1" ten="502,113,326,49" step="2"/><V85/><F0/><W23/><G87/><T57/><D55/><U86/><E86/><V73/><F85/><W134/><G134/><T20/><D52/><U31/><E31/><V9/><F135/><W17/><G83/><T128/><D30/><U102/><E102/><V21/><F73/><W35/><G81/><T24/><D128/><U130/><E130/><V67/><F68/><AGARI ba="0,1" hai="6,7,10,15,18,36,42,47,63,65,68,96,101,106" machi="68" ten="30,3900,0" yaku="1,1,7,1,53,1" doraHai="118" doraHaiUra="103" who="1" fromWho="2" sc="502,0,113,49,326,-39,49,0" owari="502,60,162,-24,287,9,49,-45" /></mjloggm>