<mjloggm ver="2.3"><GO type="137" lobby="0"/><UN n0="%E3%81%9B%E3%81%84%E3%81%98%E3%82%93" n1="%E7%95%99%E8%90%8C" n2="%79%6F%63%68%69%61%6E%33" n3="%E3%82%AB%E3%82%BA%6A%33" dan="12,12,13,11" rate="1881.03,1556.45,1778.71,1612.74" sx="M,F,M,M"/><TAIKYOKU oya="0"/><INIT seed="0,0,0,5,3,47" ten="250,250,250,250" oya="0" hai0="105,31,122,4,99,18,116,128,59,120,67,124,29" hai1="20,129,42,30,14,90,23,12,103,91,72,61,62" hai2="108,104,134,2,41,89,127,56,131,135,25,94,96" hai3="15,113,101,77,125,109,121,53,57,78,1,106,50"/><T6/><D105/><U22/><E72/><V36/><F2/><W100/><G113/><T132/><D99/><U112/><E112/><V21/><F108/><W93/><G1/><T55/><D67/><U117/><E117/><V35/><F104/><W84/><G109/><T27/><D116/><U40/><E129/><V38/><F35/><W85/><G125/><T98/><D128/><U74/><E74/><V44/><F131/><W71/><G71/><T123/><D124/><U39/><E103/><N who="3" m="39498" /><G106/><T60/><D98/><U13/><E39/><V32/><F32/><W10/><G121/><T43/><D43/><N who="1" m="16427" /><E30/><V92/><F127/><W58/><G58/><T63/><D63/><AGARI ba="0,0" hai="12,13,14,20,22,23,61,62,63,90,91" m="16427" machi="63" ten="40,5200,0" yaku="28,2,8,1" doraHai="47" who="1" fromWho="0" sc="250,-52,250,52,250,0,250,0" /><INIT seed="1,0,0,4,0,1" ten="198,302,250,250" oya="1" hai0="132,44,81,34,131,99,117,133,112,18,115,93,29" hai1="19,27,50,37,94,111,68,135,127,88,67,104,6" hai2="28,60,134,26,23,57,89,36,4,43,70,77,129" hai3="130,128,101,41,48,54,9,46,30,126,16,53,17"/><U65/><E135/><N who="0" m="51785" /><D29/><U13/><E37/><V7/><F134/><W55/><G101/><T84/><D34/><U8/><E104/><V116/><F116/><W58/><G30/><T3/><D3/><U122/><E122/><V102/><F70/><W51/><G9/><T80/><D18/><U40/><E127/><V32/><F32/><W61/><G17/><T14/><D44/><N who="1" m="25863" /><E68/><V22/><F77/><W100/><G100/><N who="0" m="60527" /><D14/><U125/><E125/><V35/><F129/><N who="3" m="49771" /><G16/><T76/><D131/><U69/><E69/><V64/><F102/><W108/><G126/><T42/><D42/><U12/><E111/><V45/><REACH who="2" step="1"/><F89/><REACH who="2" ten="198,302,240,250" step="2"/><W105/><G105/><T121/><D117/><U106/><E106/><V120/><F120/><W92/><G92/><T113/><D81/><U79/><E79/><V86/><F86/><W95/><G95/><T56/><D121/><U87/><E27/><V119/><F119/><W123/><G123/><T38/><D84/><U33/><E33/><V21/><AGARI ba="0,1" hai="4,7,21,22,23,26,28,35,36,43,45,57,60,64" machi="21" ten="30,7900,0" yaku="1,1,0,1,52,2,53,0" doraHai="1" doraHaiUra="110" who="2" fromWho="2" sc="198,-20,302,-39,240,89,250,-20" /><INIT seed="2,0,0,1,0,123" ten="178,263,329,230" oya="2" hai0="10,35,117,20,8,116,70,54,45,100,122,89,73" hai1="77,27,112,28,17,29,102,97,26,25,67,80,82" hai2="79,130,118,37,87,99,69,72,111,48,9,110,113" hai3="127,52,98,74,93,59,32,131,65,21,103,129,13"/><V41/><F113/><W132/><G32/><T23/><D35/><U44/><E112/><V46/><F118/><N who="0" m="45674" /><D100/><U60/><E44/><V30/><F69/><W51/><G74/><T101/><D101/><U95/><E17/><V15/><F130/><N who="3" m="49675" /><G127/><T119/><D89/><U125/><E125/><V75/><F99/><W91/><G132/><T105/><D119/><U92/><E92/><V7/><F30/><N who="1" m="11881" /><E77/><V66/><F66/><W16/><G65/><T115/><D54/><U86/><E86/><V36/><F72/><W34/><G34/><T85/><D85/><U104/><E104/><V57/><F75/><W90/><AGARI ba="0,0" hai="13,16,21,51,52,59,90,91,93,98,103" m="49675" machi="90" ten="30,4000,0" yaku="19,1,54,2" doraHai="123" who="3" fromWho="3" sc="178,-10,263,-10,329,-20,230,40" /><INIT seed="3,0,0,4,5,133" ten="168,253,309,270" oya="3" hai0="51,9,84,59,18,21,14,66,92,91,33,35,15" hai1="47,62,12,129,120,97,20,112,55,29,50,109,82" hai2="83,113,54,98,102,104,61,108,78,38,56,135,22" hai3="49,5,25,53,121,39,86,76,68,80,79,1,24"/><W87/><G121/><T71/><D71/><U32/><E120/><V115/><F135/><W34/><G39/><T75/><D75/><U13/><E112/><V70/><F108/><W26/><G68/><T93/><D93/><U48/><E109/><V81/><F38/><W42/><G1/><T6/><REACH who="0" step="1"/><D66/><REACH who="0" ten="158,253,309,270" step="2"/><U19/><E129/><V128/><F128/><W8/><G42/><T36/><D36/><U45/><E32/><V31/><F70/><W77/><G34/><T72/><D72/><U7/><E29/><V94/><F104/><W118/><G118/><T89/><D89/><U43/><E7/><V126/><F126/><W127/><G127/><T27/><D27/><N who="1" m="14751" /><E97/><V11/><F115/><W119/><G119/><T116/><D116/><U16/><E82/><V40/><F113/><W63/><G63/><T69/><D69/><U110/><E110/><V67/><F78/><W124/><G124/><T100/><D100/><U130/><E130/><V30/><F40/><W107/><G107/><T73/><D73/><U23/><E62/><V131/><F131/><W105/><G105/><T90/><D90/><U0/><E0/><V114/><F114/><W52/><G49/><T95/><D95/><U10/><E12/><V46/><F31/><W17/><G5/><T74/><D74/><U28/><E28/><V88/><F102/><W64/><G64/><T3/><D3/><U134/><E134/><V103/><F103/><W122/><G122/><T65/><D65/><U44/><E44/><V111/><F111/><W57/><G57/><T101/><D101/><U85/><E85/><RYUUKYOKU ba="0,1" sc="158,15,253,15,309,-15,270,-15" hai0="6,9,14,15,18,21,33,35,51,59,84,91,92" hai1="10,13,16,23,43,45,47,48,50,55" /><INIT seed="4,1,1,5,0,61" ten="173,268,294,255" oya="0" hai0="16,11,130,39,77,75,43,5,29,88,102,1,69" hai1="2,95,47,135,26,56,96,24,84,118,113,83,108" hai2="115,91,36,0,37,81,85,6,10,104,64,117,63" hai3="100,20,65,124,3,30,86,116,125,112,121,17,94"/><T32/><D102/><U128/><E118/><V23/><F115/><W51/><G116/><T34/><D34/><U106/><E108/><V78/><F117/><W53/><G3/><T99/><D32/><U87/><E2/><V120/><F120/><W38/><G38/><T119/><D29/><U15/><E128/><V33/><F33/><W79/><G112/><T48/><D119/><U89/><E135/><V92/><F23/><W73/><G73/><T67/><D39/><U45/><E113/><V90/><F104/><W114/><G114/><T7/><D7/><U41/><E56/><V44/><F44/><N who="1" m="16969" /><E106/><V74/><REACH who="2" step="1"/><F91/><REACH who="2" ten="173,268,284,255" step="2"/><W4/><G121/><T28/><D88/><U129/><E89/><V62/><F62/><W9/><G79/><T58/><D77/><U127/><E129/><V101/><F101/><W27/><G30/><T12/><D28/><U8/><E127/><V76/><F76/><W123/><G123/><T14/><D130/><U82/><E83/><V134/><F134/><W111/><G111/><T59/><D75/><U60/><E82/><V22/><F22/><W133/><G133/><T70/><D11/><U98/><E60/><V105/><F105/><W31/><G31/><T126/><D126/><U13/><E8/><V80/><F80/><W50/><G125/><T72/><D72/><U42/><E24/><V68/><AGARI ba="1,2" hai="0,6,10,36,37,63,64,68,74,78,81,85,90,92" machi="68" ten="20,5200,0" yaku="1,1,0,1,7,1,52,1,53,0" doraHai="61" doraHaiUra="132" who="2" fromWho="2" sc="173,-27,268,-14,284,75,255,-14" /><INIT seed="5,0,0,5,4,6" ten="146,254,359,241" oya="1" hai0="57,25,113,99,112,106,93,45,48,103,79,53,3" hai1="70,41,18,44,17,108,87,81,76,102,77,82,26" hai2="66,54,95,92,42,33,20,13,119,122,110,40,65" hai3="111,75,91,16,116,117,52,59,115,78,35,1,62"/><U89/><E70/><V7/><F110/><W88/><G111/><T85/><D3/><U47/><E108/><V24/><F122/><W29/><G1/><T5/><D5/><U114/><E114/><V80/><F119/><N who="3" m="45643" /><G29/><T12/><D12/><U60/><E102/><V130/><F33/><W124/><G35/><T51/><D25/><U27/><E60/><V129/><F80/><N who="1" m="30825" /><E41/><V69/><F54/><W84/><G75/><T133/><D133/><U96/><E96/><V67/><F69/><W61/><G78/><N who="1" m="30314" /><E89/><N who="3" m="34378" /><G84/><T0/><D0/><U83/><E87/><V86/><F86/><W131/><G115/><N who="0" m="44107" /><D85/><U21/><N who="1" m="30833" /><U49/><DORA hai="120" /><E49/><V109/><F109/><W22/><G124/><T15/><D79/><U58/><E58/><V72/><F72/><W43/><G43/><N who="2" m="16425" /><F7/><W121/><G121/><T55/><D106/><U71/><E71/><V104/><F104/><W97/><G131/><N who="2" m="50185" /><F13/><N who="3" m="9487" /><G97/><T23/><D15/><U105/><E105/><V63/><F63/><AGARI ba="0,0" hai="52,59,61,62,63" m="9487,34378,45643" machi="63" ten="30,7700,0" yaku="12,1,54,3" doraHai="6,120" who="3" fromWho="2" sc="146,0,254,0,359,-77,241,77" /><INIT seed="6,0,0,5,3,27" ten="146,254,282,318" oya="2" hai0="84,45,68,117,8,44,31,90,12,112,38,20,87" hai1="96,131,107,129,120,47,69,65,9,98,6,77,23" hai2="132,88,35,121,11,70,18,99,32,74,19,1,7" hai3="110,56,62,134,122,113,67,82,123,36,86,73,75"/><V25/><F74/><W109/><G36/><T42/><D68/><U50/><E120/><N who="3" m="46122" /><G56/><T83/><D117/><U59/><E69/><V34/><F121/><W40/><G40/><T37/><D112/><U102/><E77/><V17/><F70/><W46/><G46/><T103/><D103/><U104/><E23/><N who="2" m="13551" /><F99/><W93/><G62/><T114/><D114/><U118/><E118/><V95/><F95/><W92/><G67/><T58/><D58/><U55/><E9/><N who="2" m="2287" /><F132/><W81/><G113/><T48/><D44/><U24/><E24/><V119/><F88/><N who="3" m="51279" /><G134/><T101/><D101/><U10/><E10/><V76/><F76/><N who="3" m="44303" /><G75/><T26/><REACH who="0" step="1"/><D87/><REACH who="0" ten="136,254,282,318" step="2"/><U41/><E102/><V71/><F71/><W130/><G130/><N who="1" m="49674" /><E107/><V57/><F57/><W29/><G29/><T89/><D89/><U61/><E104/><V63/><F63/><W39/><G39/><T0/><D0/><U108/><E108/><AGARI ba="0,1" hai="92,93,108,109,110" m="44303,51279,46122" machi="108" ten="30,3900,0" yaku="34,2,54,1" doraHai="27" who="3" fromWho="1" sc="136,0,254,-39,282,0,318,49" /><INIT seed="7,0,0,5,5,68" ten="136,215,282,367" oya="3" hai0="124,73,38,92,111,80,29,108,53,104,122,74,55" hai1="81,93,48,87,41,78,14,40,25,54,28,43,1" hai2="100,60,125,17,34,123,121,105,20,90,59,15,133" hai3="19,126,33,65,84,89,35,91,2,51,56,106,70"/><W117/><G117/><T112/><D104/><U75/><E1/><V61/><F34/><W16/><G2/><T72/><D122/><N who="2" m="46602" /><F105/><W118/><G118/><T82/><D92/><U52/><E14/><V134/><F100/><W26/><G106/><T39/><D29/><U42/><E75/><V71/><F71/><W50/><G126/><T128/><D128/><U6/><E6/><V18/><F90/><W5/><G5/><T24/><D24/><U32/><E93/><V49/><F49/><W114/><G70/><T36/><D112/><U8/><E8/><N who="2" m="6375" /><F59/><W58/><G114/><T47/><D47/><U7/><E7/><V97/><F97/><W66/><G26/><T94/><D94/><U23/><REACH who="1" step="1"/><E32/><REACH who="1" ten="136,205,282,367" step="2"/><V76/><F76/><W107/><G107/><T83/><D124/><U95/><E95/><V101/><F125/><W0/><G0/><T46/><D46/><AGARI ba="0,1" hai="23,25,28,40,41,42,43,46,48,52,54,78,81,87" machi="46" ten="40,5200,0" yaku="1,1,8,1,54,1,53,0" doraHai="68" doraHaiUra="64" who="1" fromWho="0" sc="136,-52,205,62,282,0,367,0" owari="84,-42,267,-13,282,8,367,47" /></mjloggm>