<mjloggm ver="2.3"><GO type="9" lobby="0"/><UN n0="%7A%68%69%79%69%6A%69%61" n1="%38%35%32%30%38%35%32%30" n2="%E7%95%99%E8%90%8C" n3="%E3%81%99%E3%81%B0" dan="3,5,12,2" rate="1550.26,1428.04,1573.83,1391.77" sx="M,M,F,M"/><TAIKYOKU oya="0"/><INIT seed="0,0,0,1,5,14" ten="250,250,250,250" oya="0" hai0="82,40,112,25,57,69,108,79,103,127,94,128,28" hai1="83,130,121,70,1,9,65,42,74,86,90,92,97" hai2="73,118,36,10,106,120,101,124,58,43,96,123,11" hai3="62,46,64,84,126,19,117,63,54,13,34,17,115"/><T113/><D127/><U50/><E130/><V72/><F124/><W8/><G115/><T24/><D128/><U44/><E121/><V38/><F123/><W16/><G126/><T111/><D69/><U67/><E70/><V15/><F120/><W134/><G117/><T12/><D40/><U31/><E74/><V77/><F118/><W18/><N who="3" m="4608" /><DORA hai="81" /><W85/><G134/><T4/><D57/><U26/><E1/><V88/><F58/><W66/><G34/><T6/><D103/><U49/><E9/><V0/><F0/><W135/><G46/><T133/><D133/><U33/><REACH who="1" step="1"/><E50/><REACH who="1" ten="250,240,250,250" step="2"/><V75/><F75/><W7/><G135/><T109/><D94/><U78/><AGARI ba="0,1" hai="26,31,33,42,44,49,65,67,78,83,86,90,92,97" machi="78" ten="20,12000,2" yaku="1,1,2,1,0,1,7,1,52,1,53,2" doraHai="14,81" doraHaiUra="76,93" who="1" fromWho="1" sc="250,-60,240,130,250,-30,250,-30" /><INIT seed="1,0,0,0,0,32" ten="190,370,220,220" oya="1" hai0="23,65,99,53,16,117,127,135,6,17,111,41,9" hai1="128,49,84,30,132,25,96,67,20,24,119,81,42" hai2="60,103,120,82,118,133,121,34,75,108,2,87,69" hai3="83,130,47,124,105,43,61,95,77,12,27,38,73"/><U76/><E132/><V7/><F120/><W122/><G130/><T78/><D65/><U10/><E128/><V54/><F121/><W0/><G124/><T5/><D41/><U129/><E129/><V50/><F118/><W113/><G122/><T89/><D78/><U51/><E119/><V48/><F34/><W26/><G113/><T98/><D117/><U107/><E42/><V13/><F75/><W71/><G105/><T8/><D53/><U74/><E74/><V62/><F133/><W106/><G106/><T72/><D135/><U110/><E110/><V85/><F108/><W116/><G95/><T33/><D111/><U92/><E107/><V123/><F123/><W31/><G116/><T86/><D72/><U37/><E37/><V114/><F114/><W109/><G109/><T45/><D127/><U126/><E126/><V15/><F103/><W88/><G88/><T59/><D45/><U29/><E67/><V35/><F35/><W36/><G71/><T115/><D115/><U58/><E10/><N who="0" m="4201" /><D33/><U70/><E70/><V3/><F69/><W39/><G61/><T46/><D46/><U102/><REACH who="1" step="1"/><E58/><REACH who="1" ten="190,360,220,220" step="2"/><V90/><F54/><W18/><G31/><T55/><D59/><U112/><E112/><V22/><F62/><W93/><G93/><N who="0" m="54455" /><D55/><U21/><AGARI ba="0,1" hai="20,21,24,25,29,30,49,51,76,81,84,92,96,102" machi="21" ten="20,12000,1" yaku="1,1,0,1,7,1,9,1,8,1,53,0" doraHai="32" doraHaiUra="40" who="1" fromWho="1" sc="190,-40,360,130,220,-40,220,-40" /><INIT seed="1,1,0,5,2,75" ten="150,490,180,180" oya="1" hai0="133,70,68,49,2,109,135,116,37,114,119,55,66" hai1="61,60,125,81,79,11,77,18,15,29,134,51,82" hai2="88,28,80,36,130,62,107,35,129,89,110,54,44" hai3="104,132,94,99,83,13,74,86,8,48,56,33,46"/><U103/><E134/><N who="0" m="51209" /><D2/><U121/><E121/><V12/><F107/><W76/><G132/><T42/><D37/><U0/><E125/><V10/><F110/><W38/><G33/><T122/><D122/><U14/><E0/><V131/><F35/><W71/><G71/><N who="0" m="27179" /><D114/><U67/><E29/><V27/><F28/><W85/><G56/><N who="0" m="32879" /><D109/><U43/><E15/><V113/><F113/><W73/><G48/><T50/><D66/><U112/><E112/><V117/><F117/><BYE who="1" /><N who="0" m="45130" /><D50/><UN n1="%38%35%32%30%38%35%32%30" /><U53/><E103/><V84/><F27/><W97/><G46/><T23/><D23/><U95/><E95/><V58/><F36/><W87/><G38/><T19/><D19/><U45/><E61/><V100/><F62/><W20/><G20/><T47/><D47/><U126/><E126/><V108/><F108/><W96/><G8/><T90/><D90/><U101/><E101/><V26/><F100/><W7/><BYE who="1" /><G7/><T102/><D102/><U115/><E115/><V40/><F12/><UN n1="%38%35%32%30%38%35%32%30" /><W57/><G13/><T39/><D39/><U41/><E82/><V65/><F80/><N who="3" m="45071" /><G57/><T92/><D92/><U9/><E81/><V30/><F26/><W4/><G4/><T72/><D72/><U118/><E118/><V111/><F111/><W6/><G6/><T98/><D98/><N who="3" m="25089" /><W21/><DORA hai="3" /><G21/><T127/><D127/><U128/><E11/><V22/><F22/><W31/><G31/><T34/><D34/><U106/><E9/><V25/><F25/><W105/><G94/><T32/><D32/><U69/><E14/><V78/><F10/><W93/><G93/><T52/><D42/><RYUUKYOKU ba="1,0" sc="150,15,490,-15,180,-15,180,15" hai0="52" hai3="74,83,85,86,87,104,105" /><INIT seed="2,2,0,4,3,52" ten="165,475,165,195" oya="2" hai0="80,11,2,35,18,101,125,57,133,12,105,113,14" hai1="53,4,17,129,26,72,90,69,83,104,8,68,27" hai2="111,100,85,16,61,6,71,117,121,50,5,62,3" hai3="128,119,40,94,112,73,84,42,116,126,132,22,134"/><V60/><F117/><N who="3" m="45131" /><G22/><T131/><D113/><U114/><E129/><V78/><F121/><W59/><G73/><T130/><D125/><U82/><E114/><V118/><F118/><W107/><G59/><T98/><D133/><N who="3" m="51305" /><G107/><T43/><D35/><U1/><E104/><V31/><F31/><W13/><G84/><T41/><D2/><U66/><E66/><V15/><F100/><W91/><G13/><T75/><D14/><U120/><E120/><V124/><F124/><W30/><G30/><T103/><D103/><U25/><E17/><V21/><F50/><W95/><G91/><T110/><D110/><U64/><E64/><V49/><F49/><W36/><G126/><T34/><D34/><U56/><E82/><N who="2" m="47319" /><F3/><W28/><G36/><T65/><D65/><U99/><E72/><V87/><F111/><W9/><G28/><T58/><D41/><U102/><E102/><V7/><F71/><W115/><G9/><T109/><D109/><U24/><N who="1" m="6656" /><DORA hai="96" /><U70/><E70/><V55/><F87/><W127/><G127/><T23/><D43/><N who="3" m="16425" /><G128/><N who="0" m="49195" /><D23/><U122/><E122/><V97/><F97/><W106/><G106/><T123/><D123/><U93/><REACH who="1" step="1"/><E83/><REACH who="1" ten="165,465,165,195" step="2"/><V32/><F32/><W33/><G33/><T45/><D45/><U51/><AGARI ba="2,1" hai="1,4,8,51,53,56,68,69,90,93,99" m="6656" machi="51" ten="40,16000,3" yaku="1,1,2,1,0,1,52,1,53,5" doraHai="52,96" doraHaiUra="20,48" who="1" fromWho="1" sc="165,-42,465,176,165,-82,195,-42" /><INIT seed="3,0,0,4,5,127" ten="123,641,83,153" oya="3" hai0="106,77,10,59,27,42,83,107,0,43,53,96,30" hai1="110,111,11,66,113,82,134,115,14,119,112,132,20" hai2="24,57,131,29,103,75,41,117,133,36,33,108,15" hai3="99,40,64,51,92,86,78,28,3,65,9,34,60"/><W71/><G78/><T135/><D135/><N who="1" m="51755" /><E82/><V67/><F133/><W94/><G86/><T37/><D0/><U101/><E101/><V114/><F117/><W1/><G99/><T91/><D10/><U48/><E48/><V85/><F75/><W109/><G109/><N who="1" m="41482" /><E66/><V54/><F108/><W25/><G71/><T84/><D37/><U123/><E20/><V62/><F114/><N who="1" m="29185" /><U97/><DORA hai="88" /><E97/><V100/><F15/><W73/><G73/><T17/><D17/><N who="1" m="8415" /><E123/><V35/><F67/><W72/><G72/><T79/><D96/><U121/><E121/><V7/><F103/><W126/><G9/><T76/><D107/><U81/><E81/><V13/><F100/><W68/><G126/><T19/><D19/><U21/><E21/><V32/><F36/><W93/><REACH who="3" step="1"/><G65/><REACH who="3" ten="123,641,83,143" step="2"/><T124/><D124/><U90/><E119/><V74/><F85/><W44/><AGARI ba="0,1" hai="1,3,25,28,34,40,44,51,60,64,68,92,93,94" machi="44" ten="30,24000,3" yaku="1,1,2,1,0,1,52,3,53,3" doraHai="127,88" doraHaiUra="102,89" who="3" fromWho="3" sc="123,-80,641,-80,83,-80,143,250" /><INIT seed="3,1,0,1,4,33" ten="43,561,3,393" oya="3" hai0="100,43,70,85,41,97,125,53,110,127,35,58,71" hai1="82,64,61,1,72,130,118,119,23,93,18,96,89" hai2="111,90,3,34,42,4,57,10,22,49,36,38,105" hai3="31,20,120,51,44,78,102,29,101,46,122,2,86"/><W27/><G78/><T135/><D110/><U68/><E130/><V28/><F111/><W47/><G2/><T76/><D35/><U50/><E1/><V124/><F105/><W113/><G113/><T114/><D114/><U65/><E65/><V0/><F124/><N who="0" m="47690" /><D135/><U14/><REACH who="1" step="1"/><E50/><REACH who="1" ten="43,551,3,393" step="2"/><V103/><F0/><W73/><G73/><T15/><D15/><U39/><E39/><V133/><F38/><W67/><G67/><T79/><D85/><U7/><E7/><V75/><F4/><W66/><G66/><T131/><D131/><U87/><E87/><V17/><F133/><W63/><G63/><N who="0" m="36303" /><D79/><AGARI ba="1,1" hai="14,18,23,61,64,68,72,79,82,89,93,96,118,119" machi="79" ten="40,2600,0" yaku="1,1,53,1" doraHai="33" doraHaiUra="56" who="1" fromWho="0" sc="43,-29,551,39,3,0,393,0" /><INIT seed="4,0,0,0,2,60" ten="14,590,3,393" oya="0" hai0="55,14,9,51,96,54,3,123,8,86,124,133,67" hai1="17,11,27,41,118,18,115,122,90,34,72,121,110" hai2="21,22,100,98,84,13,50,57,10,114,83,35,2" hai3="128,0,24,45,16,5,135,52,81,94,92,126,79"/><T120/><D133/><U82/><E118/><V119/><F35/><W106/><G106/><T43/><D124/><U108/><E115/><V109/><F119/><W48/><G135/><T87/><D3/><U117/><E117/><V134/><F109/><N who="1" m="42089" /><E41/><V44/><F134/><W42/><G128/><T95/><D67/><U104/><E104/><V19/><F114/><W97/><G126/><T39/><D39/><U69/><E69/><V33/><F33/><W30/><G97/><T130/><D130/><U131/><E90/><N who="2" m="51487" /><F2/><W66/><G66/><T111/><D111/><U4/><E82/><V56/><F56/><W29/><G42/><T49/><D43/><U76/><E76/><V7/><F57/><W80/><G79/><T101/><D120/><N who="1" m="46187" /><E72/><V116/><F116/><W71/><G71/><T59/><D123/><U46/><E46/><V38/><F38/><W58/><G45/><N who="0" m="27951" /><D9/><U68/><E68/><V1/><F1/><W53/><G24/><T107/><D107/><U31/><E131/><V105/><F105/><W75/><G75/><T47/><D59/><U70/><E70/><V15/><F7/><AGARI ba="0,0" hai="7,8,14,47,51,55,86,87,95,96,101" m="27951" machi="7" ten="30,1500,0" yaku="8,1" doraHai="60" who="0" fromWho="2" sc="14,15,590,0,3,-15,393,0" owari="29,-37,590,69,-12,-51,393,19" /></mjloggm>