<mjloggm ver="2.3"><GO type="137" lobby="0"/><UN n0="%E7%95%99%E8%90%8C" n1="%4D%72%2E%59%41" n2="%E3%83%9D%E3%83%A0%E3%83%97%E3%83%AA%E3%83%B3" n3="%79%75%75%70%6F%69" dan="11,12,12,12" rate="1571.03,1641.97,1710.52,1604.37" sx="F,M,F,M"/><TAIKYOKU oya="0"/><INIT seed="0,0,0,0,3,66" ten="250,250,250,250" oya="0" hai0="64,46,30,18,43,122,11,21,119,118,95,44,120" hai1="80,110,78,86,79,117,103,10,73,105,17,84,130" hai2="39,125,67,49,90,134,37,102,48,34,50,61,7" hai3="33,99,114,26,83,51,1,47,6,94,14,32,113"/><T5/><D119/><U68/><E68/><V20/><F134/><W81/><G1/><T123/><D118/><U135/><E117/><V121/><F125/><W127/><G127/><T42/><D64/><U23/><E10/><V22/><F121/><W60/><G60/><T13/><D95/><U128/><E17/><V133/><F133/><W35/><G26/><T70/><D70/><U97/><E135/><V58/><F34/><W38/><G38/><T9/><D30/><U72/><E23/><V91/><F7/><W3/><G3/><T24/><REACH who="0" step="1"/><D9/><REACH who="0" ten="240,250,250,250" step="2"/><U116/><E116/><V85/><F67/><W74/><G6/><T96/><D96/><U4/><E4/><V77/><F22/><W106/><G94/><T82/><D82/><N who="1" m="45383" /><E110/><V111/><F20/><W2/><G99/><T126/><D126/><U56/><E56/><V16/><F111/><W112/><G106/><T57/><D57/><U107/><E107/><V45/><F58/><W100/><G100/><T53/><D53/><U27/><E27/><V19/><F102/><W131/><G131/><AGARI ba="0,1" hai="73,79,80,84,86,97,103,105,128,130,131" m="45383" machi="131" ten="30,3900,0" yaku="19,1,34,2" doraHai="66" who="1" fromWho="3" sc="240,0,250,49,250,0,250,-39" /><INIT seed="1,0,0,2,1,63" ten="240,299,250,211" oya="1" hai0="60,29,126,123,89,67,133,9,99,100,35,117,77" hai1="51,7,6,3,113,92,90,115,108,31,114,84,105" hai2="85,26,102,79,134,106,124,0,104,66,73,48,131" hai3="83,1,111,19,59,57,107,128,110,24,71,58,8"/><U78/><E105/><V91/><F131/><W135/><G107/><T38/><D117/><U72/><E31/><V98/><F134/><W33/><G135/><T120/><D38/><U116/><E51/><V34/><F0/><W97/><G128/><T21/><D35/><U18/><E18/><V53/><F124/><W13/><G71/><T43/><D43/><U94/><E3/><V55/><F106/><W70/><G70/><T27/><D77/><U127/><E6/><V30/><F48/><W49/><G97/><T88/><D9/><U22/><E22/><V2/><F66/><W132/><G132/><T80/><D133/><U10/><E10/><V16/><F2/><W125/><G125/><T42/><D126/><U12/><E12/><V4/><F4/><W40/><G83/><T75/><D75/><U112/><E7/><V74/><F74/><W81/><G81/><T129/><D42/><U95/><E127/><V52/><F73/><W118/><G118/><T69/><D129/><U28/><E28/><V86/><F79/><W96/><G96/><T44/><D44/><U14/><E14/><V122/><F122/><N who="0" m="46634" /><D100/><U68/><E68/><V109/><F109/><N who="3" m="41483" /><G1/><T62/><D62/><U25/><E25/><V103/><F103/><W121/><G121/><T76/><D99/><U119/><E108/><V46/><F46/><N who="3" m="25799" /><G33/><T47/><D76/><U37/><E37/><V101/><F101/><W32/><G32/><T50/><D47/><U23/><E115/><V93/><F85/><W11/><G24/><T36/><D36/><U15/><E78/><V56/><F56/><RYUUKYOKU ba="0,0" sc="240,-15,299,-15,250,15,211,15" hai2="16,26,30,34,52,53,55,86,91,93,98,102,104" hai3="8,11,13,19,57,58,59" /><INIT seed="2,1,0,1,3,68" ten="225,284,265,226" oya="2" hai0="38,2,116,94,126,32,108,99,80,5,66,58,85" hai1="103,30,23,15,78,45,90,97,34,118,69,27,100" hai2="39,24,83,54,130,120,121,14,6,75,119,43,92" hai3="115,102,71,36,49,20,133,44,105,125,107,77,70"/><V110/><F119/><W22/><G115/><T91/><D116/><U25/><E118/><V114/><F114/><W40/><G133/><T127/><D32/><U52/><E69/><V13/><F130/><W17/><G125/><N who="0" m="47627" /><D108/><U98/><E78/><V123/><F110/><W0/><G0/><T132/><D132/><U73/><E73/><V31/><F6/><W104/><G77/><N who="0" m="46223" /><D2/><U65/><E65/><V35/><F39/><W128/><G128/><T101/><D5/><U55/><E15/><V10/><F43/><W11/><G102/><T3/><D3/><U50/><E55/><V62/><F92/><W47/><G11/><T72/><D72/><U76/><E76/><V56/><F10/><W7/><G7/><T28/><D28/><U87/><E103/><V67/><F75/><W79/><G79/><T63/><D38/><U37/><E37/><V134/><F134/><W82/><G82/><T86/><D86/><U57/><E45/><V60/><REACH who="2" step="1"/><F83/><REACH who="2" ten="225,284,255,226" step="2"/><W19/><G40/><T48/><D48/><U64/><E64/><V84/><F84/><W117/><G117/><T9/><D9/><U16/><E100/><AGARI ba="1,1" hai="58,63,66,91,94,99,100,101" m="46223,47627" machi="100" ten="30,1000,0" yaku="18,1" doraHai="68" who="0" fromWho="1" sc="225,23,284,-13,255,0,226,0" /><INIT seed="3,0,0,5,2,12" ten="248,271,255,226" oya="3" hai0="22,40,93,33,103,101,63,75,134,105,44,106,129" hai1="61,67,37,27,56,113,74,13,38,25,96,66,34" hai2="131,118,30,97,135,128,24,88,28,107,122,53,39" hai3="31,36,78,76,59,79,91,5,0,26,95,85,119"/><W77/><G119/><T6/><D33/><U123/><E113/><V42/><F118/><W83/><G36/><T43/><D75/><U7/><E123/><V65/><F135/><W120/><G120/><T89/><D134/><U35/><E74/><V14/><F122/><W3/><G59/><T10/><D129/><N who="2" m="49738" /><F65/><W68/><G68/><T126/><D126/><U70/><E67/><V98/><F42/><W71/><G71/><T20/><D63/><U52/><E34/><V109/><F39/><W80/><G5/><T16/><D40/><U1/><E1/><V15/><F109/><W124/><G124/><T32/><D32/><U2/><E2/><V58/><F30/><W21/><REACH who="3" step="1"/><G83/><REACH who="3" ten="248,271,255,216" step="2"/><T87/><D6/><U23/><E37/><V116/><F58/><W73/><AGARI ba="0,1" hai="0,3,21,26,31,73,76,77,78,79,80,85,91,95" machi="73" ten="30,6000,0" yaku="1,1,2,1,0,1,53,0" doraHai="12" doraHaiUra="11" who="3" fromWho="3" sc="248,-20,271,-20,255,-20,216,70" /><INIT seed="3,1,0,0,1,6" ten="228,251,235,286" oya="3" hai0="2,19,44,46,58,30,127,34,111,124,135,13,84" hai1="60,81,26,132,96,63,76,93,123,115,82,107,5" hai2="99,64,56,90,118,122,71,37,102,134,11,29,126" hai3="24,27,17,91,78,77,101,88,116,66,98,33,80"/><W39/><G116/><T38/><D2/><U21/><E115/><V49/><F118/><W3/><G39/><T75/><D75/><U48/><E123/><V120/><F37/><W22/><G3/><T32/><D111/><U95/><E107/><V10/><F134/><W114/><G114/><T35/><D135/><U7/><E132/><V133/><F133/><W51/><G66/><T79/><D30/><U50/><E21/><V18/><F126/><N who="0" m="48170" /><D58/><U125/><E125/><V55/><F29/><W65/><G65/><T52/><D38/><U110/><E110/><V43/><F43/><W72/><G51/><N who="0" m="28775" /><D46/><U36/><E36/><V12/><F90/><W85/><G33/><T112/><D112/><U106/><E106/><N who="2" m="63839" /><F71/><W59/><G59/><T74/><D74/><U121/><E121/><N who="2" m="46699" /><F64/><W105/><REACH who="3" step="1"/><G27/><REACH who="3" ten="228,251,235,276" step="2"/><T61/><D35/><U69/><E26/><V62/><F56/><W87/><G87/><T41/><D41/><U113/><E113/><V129/><F129/><W57/><G57/><T31/><D61/><U83/><E69/><V54/><F62/><W53/><G53/><N who="2" m="19977" /><F49/><W131/><G131/><T128/><D128/><U23/><E63/><V86/><F86/><W92/><G92/><T68/><D31/><U25/><E60/><V4/><F4/><W67/><G67/><T0/><D68/><U130/><E50/><V42/><F42/><W28/><G28/><T8/><D0/><U119/><E48/><V14/><F12/><W16/><G16/><T15/><D15/><U20/><E130/><V47/><F47/><W1/><G1/><T100/><D100/><RYUUKYOKU ba="1,1" sc="228,10,251,-30,235,10,276,10" hai0="8,13,19,32,34,79,84" hai2="10,11,14,18" hai3="17,22,24,72,77,78,80,85,88,91,98,101,105" /><INIT seed="3,2,1,2,1,65" ten="238,221,245,286" oya="3" hai0="13,109,133,83,12,75,36,98,16,10,43,76,46" hai1="123,70,102,21,99,51,3,119,125,63,40,32,131" hai2="100,118,34,117,66,19,59,81,57,72,6,127,50" hai3="95,114,111,60,11,47,108,103,126,53,110,39,94"/><W85/><G114/><T82/><D109/><U116/><E123/><V84/><F127/><W24/><G126/><T78/><D133/><U31/><E3/><V71/><F71/><W2/><G24/><T89/><D12/><U113/><E125/><V22/><F34/><W45/><G103/><T88/><REACH who="0" step="1"/><D98/><REACH who="0" ten="228,221,245,286" step="2"/><U134/><E113/><V1/><F118/><W86/><G39/><T130/><D130/><U97/><E134/><V62/><F117/><W90/><G2/><T5/><D5/><U74/><E131/><V17/><F6/><W35/><G35/><T93/><D93/><U25/><E32/><V135/><F1/><W115/><G115/><T8/><D8/><U7/><E119/><V44/><F135/><W0/><G0/><T92/><D92/><N who="3" m="35369" /><G11/><T87/><AGARI ba="2,2" hai="10,13,16,36,43,46,75,76,78,82,83,87,88,89" machi="87" ten="20,8000,1" yaku="1,1,0,1,7,1,54,2,53,0" doraHai="65" doraHaiUra="121" who="0" fromWho="0" sc="228,106,221,-22,245,-22,286,-42" /><INIT seed="4,0,0,1,3,55" ten="334,199,223,244" oya="0" hai0="111,11,117,50,118,33,59,80,124,72,19,15,75" hai1="81,68,77,25,31,82,104,45,73,28,49,29,121" hai2="13,65,103,16,131,109,89,85,6,58,63,56,62" hai3="133,83,4,14,92,113,130,21,134,46,93,39,123"/><T135/><D33/><U53/><E68/><V127/><F109/><W7/><G123/><T125/><D117/><U37/><E37/><V36/><F131/><W116/><G116/><T97/><D118/><U52/><E104/><V70/><F127/><N who="0" m="48714" /><D111/><U114/><E114/><V8/><F70/><W105/><G113/><T44/><D135/><N who="3" m="51721" /><G130/><T71/><D71/><U79/><E121/><V107/><F36/><W42/><G105/><T17/><D97/><U30/><E30/><V18/><F103/><W76/><G14/><T119/><D119/><U3/><E3/><V115/><F107/><W106/><G106/><T61/><D80/><U74/><REACH who="1" step="1"/><E53/><REACH who="1" ten="334,189,223,244" step="2"/><N who="2" m="34063" /><F115/><W84/><G21/><AGARI ba="0,1" hai="21,25,28,29,31,45,49,52,73,74,77,79,81,82" machi="21" ten="30,7700,0" yaku="1,1,7,1,9,1,54,1,53,0" doraHai="55" doraHaiUra="34" who="1" fromWho="3" sc="334,0,189,87,223,0,244,-77" /><INIT seed="5,0,0,5,4,17" ten="334,276,223,167" oya="1" hai0="104,124,60,90,41,91,111,51,62,69,88,122,112" hai1="102,129,53,107,127,29,23,13,9,64,43,108,18" hai2="30,89,52,46,95,131,45,100,58,121,16,132,39" hai3="120,98,7,78,123,70,77,15,0,2,63,57,66"/><U55/><E107/><V10/><F121/><W81/><G98/><T74/><D111/><U50/><E102/><V86/><F132/><W22/><G70/><T117/><D117/><U99/><E99/><V37/><F131/><W106/><G106/><T27/><D104/><U42/><E64/><V105/><F105/><W83/><G7/><T3/><D74/><U40/><E108/><V116/><F116/><W68/><G68/><T125/><D122/><U75/><E75/><V114/><F114/><W24/><G15/><T11/><D112/><U76/><E76/><V28/><F100/><W96/><G96/><T14/><D3/><U33/><E33/><V67/><F39/><W87/><G123/><T85/><D27/><N who="1" m="16639" /><E129/><V84/><F37/><W133/><G133/><T94/><D69/><U26/><E127/><N who="0" m="48713" /><D41/><N who="1" m="15979" /><E26/><V72/><F67/><W31/><REACH who="3" step="1"/><G120/><REACH who="3" ten="334,276,223,157" step="2"/><T34/><D34/><U130/><E130/><V21/><F72/><AGARI ba="0,1" hai="0,2,22,24,31,57,63,66,72,77,78,81,83,87" machi="72" ten="30,7700,0" yaku="1,1,2,1,7,1,52,1,53,0" doraHai="17" doraHaiUra="110" who="3" fromWho="2" sc="334,0,276,0,223,-77,157,87" /><INIT seed="6,0,0,3,4,51" ten="334,276,146,244" oya="2" hai0="42,70,133,88,19,95,3,15,21,132,124,107,125" hai1="129,74,12,7,68,50,1,64,121,62,14,87,49" hai2="52,26,79,67,86,75,119,82,27,55,59,8,94" hai3="73,58,91,118,106,92,34,77,20,54,69,66,16"/><V128/><F119/><W134/><G118/><T60/><D107/><U46/><E74/><V104/><F104/><W13/><G134/><N who="0" m="51819" /><D3/><U108/><E108/><V101/><F75/><W80/><G106/><T114/><D114/><U84/><E1/><V113/><F113/><W115/><G34/><T35/><D35/><U126/><E50/><V37/><F37/><W28/><G115/><T18/><D42/><U30/><E30/><V130/><F8/><W99/><G28/><T96/><D19/><U4/><E121/><V23/><F27/><W53/><G69/><T9/><D9/><U31/><E31/><N who="2" m="17887" /><F130/><W81/><G81/><T44/><D44/><U33/><E129/><V76/><F128/><W29/><G29/><T43/><D43/><U22/><E33/><V122/><F76/><W25/><G13/><T85/><D85/><U102/><E102/><V123/><F123/><W38/><G38/><T131/><D131/><U105/><E105/><V32/><F32/><W103/><G103/><T40/><D40/><U83/><E87/><V116/><F116/><W127/><G127/><T61/><D61/><U56/><E126/><V47/><F47/><W120/><G120/><T6/><D6/><N who="1" m="2091" /><E68/><V109/><F109/><W93/><G93/><T90/><D90/><N who="1" m="51487" /><E22/><V39/><F39/><W45/><G45/><T135/><N who="0" m="51827" /><T41/><DORA hai="36" /><D41/><AGARI ba="0,0" hai="12,14,41,46,49,56,62,64" m="51487,2091" machi="41" ten="30,2000,0" yaku="8,1,52,1" doraHai="51,36" who="1" fromWho="0" sc="334,-20,276,20,146,0,244,0" /><INIT seed="7,0,0,2,4,75" ten="314,296,146,244" oya="3" hai0="85,66,90,69,39,80,15,64,107,45,57,25,21" hai1="60,100,67,104,38,89,56,135,51,126,94,68,49" hai2="130,121,48,34,29,16,18,110,14,27,24,37,32" hai3="128,113,117,22,129,19,96,132,82,3,86,41,71"/><W134/><G117/><T12/><D107/><U131/><E38/><V5/><F37/><W7/><G71/><T62/><D39/><U53/><E135/><N who="3" m="51754" /><G41/><T58/><D45/><U91/><E131/><N who="3" m="50250" /><G96/><T84/><D84/><U125/><E104/><V28/><F110/><W30/><G113/><T93/><D69/><U44/><E49/><V50/><F121/><W123/><G123/><T59/><D80/><U119/><E119/><V55/><F55/><W11/><G82/><T9/><D62/><U103/><E91/><V54/><F54/><W52/><G86/><T115/><D115/><U97/><REACH who="1" step="1"/><E68/><REACH who="1" ten="314,286,146,244" step="2"/><V116/><F50/><W26/><G52/><T46/><D46/><U108/><E108/><V33/><F48/><W106/><G106/><T17/><D15/><U47/><E47/><V72/><F116/><W6/><G6/><AGARI ba="0,1" hai="6,9,12,17,21,25,57,58,59,64,66,85,90,93" machi="6" ten="40,1300,0" yaku="8,1" doraHai="75" who="0" fromWho="3" sc="314,23,286,0,146,0,244,-13" owari="337,43,286,9,146,-35,231,-17" /></mjloggm>