<mjloggm ver="2.3"><GO type="137" lobby="0"/><UN n0="%E7%95%99%E8%90%8C" n1="%E3%81%82%E3%83%BC%E3%82%8B%E3%81%91%E3%81%84" n2="%69%7A%75%79%61%6D%61" n3="%5A%6F%75" dan="11,12,10,11" rate="1576.10,1774.34,1583.69,1594.97" sx="F,M,M,M"/><TAIKYOKU oya="0"/><INIT seed="0,0,0,2,4,14" ten="250,250,250,250" oya="0" hai0="95,53,124,19,75,13,59,52,64,88,42,97,62" hai1="2,83,80,110,44,66,47,118,103,67,32,131,116" hai2="65,129,45,71,46,101,70,76,93,28,0,50,11" hai3="34,74,72,58,3,89,134,43,61,40,25,54,26"/><T20/><D75/><N who="3" m="28713" /><G34/><T87/><D42/><N who="3" m="15913" /><G3/><T37/><D37/><U85/><E32/><V126/><F76/><W18/><G61/><T84/><REACH who="0" step="1"/><D124/><REACH who="0" ten="240,250,250,250" step="2"/><U21/><E2/><V91/><F126/><W128/><G58/><T82/><D82/><U16/><E83/><V39/><F39/><W133/><G89/><T38/><D38/><U98/><E103/><V123/><F101/><W35/><G35/><T63/><D63/><U77/><E77/><V56/><F56/><W1/><G1/><T51/><D51/><U78/><E78/><V100/><F50/><W9/><G9/><T7/><D7/><U27/><E47/><V122/><F0/><W125/><G125/><T111/><D111/><U115/><E44/><V107/><F100/><W4/><G4/><T106/><D106/><U108/><E110/><V41/><F41/><W135/><G54/><AGARI ba="0,1" hai="13,19,20,52,53,54,59,62,64,84,87,88,95,97" machi="54" ten="40,12000,1" yaku="1,1,8,1,52,1,54,2,53,0" doraHai="14" doraHaiUra="23" who="0" fromWho="3" sc="240,130,250,0,250,0,250,-120" /><INIT seed="0,1,0,2,5,49" ten="370,250,250,130" oya="0" hai0="96,80,132,120,108,99,45,44,20,77,70,60,46" hai1="3,23,29,106,98,116,133,41,69,53,17,88,18" hai2="63,89,73,130,4,91,24,93,94,79,75,111,35" hai3="110,33,50,62,86,72,115,30,31,134,78,123,135"/><T112/><D120/><U19/><E69/><V40/><F35/><W67/><G115/><T81/><D112/><U119/><E3/><V76/><F40/><W38/><G72/><N who="2" m="27721" /><F63/><W125/><G38/><T58/><D108/><U92/><E133/><N who="3" m="50698" /><G33/><T22/><D132/><U65/><E65/><V95/><F4/><W34/><G34/><T47/><D70/><U52/><E41/><V117/><F24/><W54/><G78/><N who="2" m="29737" /><F111/><W128/><G86/><N who="0" m="48399" /><D81/><U57/><E57/><V27/><F27/><W101/><G101/><T12/><N who="0" m="11776" /><DORA hai="13" /><T103/><D12/><U48/><E48/><V11/><F11/><W61/><G110/><T90/><D103/><U8/><E106/><V64/><F64/><W109/><G109/><T126/><D126/><U36/><E36/><V21/><F21/><N who="0" m="8298" /><D90/><N who="2" m="34314" /><F130/><W39/><G39/><T5/><D5/><U85/><E8/><V43/><F43/><W104/><G104/><T71/><D71/><U107/><E107/><V1/><F1/><W82/><G128/><T83/><D83/><N who="1" m="49215" /><E119/><AGARI ba="1,0" hai="93,94,95,117,119" m="34314,29737,27721" machi="119" ten="40,8000,1" yaku="28,2,34,2" doraHai="49,13" who="2" fromWho="1" sc="370,0,250,-83,250,83,130,0" /><INIT seed="1,0,0,0,0,83" ten="370,167,333,130" oya="1" hai0="6,22,111,28,19,68,34,52,13,64,36,115,109" hai1="30,48,40,4,9,132,51,82,55,117,121,53,65" hai2="78,102,14,17,23,134,39,86,62,113,95,131,124" hai3="71,77,101,76,92,63,90,3,126,128,33,100,118"/><U123/><E117/><V29/><F134/><W49/><G3/><T7/><D115/><U122/><E82/><V125/><F39/><W42/><G33/><T93/><D36/><U112/><E132/><V66/><F131/><W135/><G118/><T116/><D116/><U15/><E112/><V12/><F113/><W54/><G135/><T18/><D68/><U44/><E65/><V120/><F120/><W80/><G128/><T56/><D64/><U25/><REACH who="1" step="1"/><E51/><REACH who="1" ten="370,157,333,130" step="2"/><V88/><F125/><W2/><G126/><T35/><D35/><AGARI ba="0,1" hai="4,9,15,25,30,35,40,44,48,53,55,121,122,123" machi="35" ten="40,3900,0" yaku="1,1,2,1,53,0" doraHai="83" doraHaiUra="58" who="1" fromWho="0" sc="370,-39,157,49,333,0,130,0" /><INIT seed="1,1,0,1,5,82" ten="331,206,333,130" oya="1" hai0="120,3,99,84,75,0,73,76,111,9,78,11,5" hai1="48,103,28,15,100,118,122,62,25,22,31,14,102" hai2="6,108,32,40,109,91,50,123,96,8,59,135,88" hai3="134,27,87,34,24,69,26,64,119,125,98,20,127"/><U92/><E122/><V10/><F123/><W116/><G69/><T57/><D111/><N who="2" m="42570" /><F32/><W106/><G64/><T81/><D120/><U39/><E39/><V101/><F135/><W46/><G106/><T126/><D126/><N who="3" m="48137" /><G98/><T83/><D99/><U130/><E130/><V124/><F124/><W13/><G34/><T97/><D97/><U107/><E107/><N who="2" m="63911" /><F10/><W128/><G46/><T68/><D68/><U114/><E114/><V52/><F40/><W54/><G54/><T29/><D57/><U53/><E62/><V79/><F79/><W4/><G87/><T42/><D42/><U61/><E61/><V63/><F63/><W74/><G74/><T16/><D16/><N who="1" m="12487" /><E92/><V72/><F72/><W117/><G128/><T133/><D29/><N who="1" m="11339" /><E118/><N who="3" m="30210" /><W89/><DORA hai="90" /><G89/><T58/><D58/><AGARI ba="1,0" hai="14,15,48,53,58,100,102,103" m="11339,12487" machi="58" ten="30,2900,0" yaku="8,1,54,1" doraHai="82,90" who="1" fromWho="0" sc="331,-32,206,32,333,0,130,0" /><INIT seed="1,2,0,0,3,99" ten="299,238,333,130" oya="1" hai0="89,16,96,28,3,26,68,131,10,57,97,104,21" hai1="54,18,2,63,43,45,118,8,38,22,105,133,92" hai2="49,75,27,129,95,80,39,55,73,123,69,130,127" hai3="56,85,84,51,132,52,72,121,47,119,11,20,13"/><U125/><E118/><V42/><F123/><W78/><G121/><T44/><D68/><U35/><E35/><V90/><F69/><W64/><G119/><T15/><D131/><U122/><E122/><V88/><F42/><W33/><G33/><T109/><D109/><U31/><E105/><V4/><F39/><W36/><G36/><T70/><D70/><U23/><E125/><V117/><F117/><W103/><G132/><T108/><D108/><U25/><E133/><V67/><F67/><W86/><G72/><T19/><D57/><U110/><E110/><V134/><F134/><W30/><G30/><T111/><D111/><U126/><E126/><V12/><F27/><W83/><G20/><T81/><D44/><U82/><E82/><V58/><F127/><W106/><G106/><T24/><D104/><U1/><E92/><V112/><F90/><W0/><G0/><T46/><D46/><U41/><E43/><V114/><F12/><W79/><G79/><T120/><D120/><U61/><E8/><V29/><F29/><W128/><G128/><N who="2" m="49257" /><F4/><N who="3" m="3303" /><G103/><T116/><D116/><U71/><E63/><AGARI ba="2,0" hai="47,51,52,56,63,64,78,83,84,85,86" m="3303" machi="63" ten="30,2000,0" yaku="8,1,54,1" doraHai="99" who="3" fromWho="1" sc="299,0,238,-26,333,0,130,26" /><INIT seed="2,0,0,2,2,129" ten="299,212,333,156" oya="2" hai0="36,58,130,30,115,109,38,113,92,73,59,40,117" hai1="124,70,79,121,18,123,13,51,0,46,77,104,60" hai2="27,91,15,8,75,67,76,45,106,9,33,24,26" hai3="95,120,97,89,68,134,125,112,88,133,47,48,132"/><V83/><F106/><W80/><G68/><T14/><D113/><U3/><E104/><V42/><F33/><W11/><G120/><T21/><D115/><U127/><E70/><V10/><F67/><W78/><G112/><T64/><D109/><U86/><E60/><V116/><F116/><W128/><G11/><T101/><D117/><U108/><E108/><V20/><F91/><N who="3" m="55551" /><G48/><T5/><D73/><U49/><E86/><V31/><REACH who="2" step="1"/><F15/><REACH who="2" ten="299,212,323,156" step="2"/><W56/><G47/><T98/><D64/><U54/><E46/><V94/><F94/><W118/><G56/><T87/><D59/><U25/><E13/><V72/><F72/><N who="3" m="43079" /><G118/><T131/><D58/><U74/><E74/><V82/><F82/><W7/><G7/><T111/><D111/><U126/><E3/><V119/><F119/><W122/><G122/><T66/><D66/><U65/><E0/><V41/><F41/><W110/><G110/><T105/><D105/><U1/><E1/><V84/><F84/><W28/><G28/><T90/><D40/><U81/><E65/><V4/><F4/><W6/><G6/><T37/><D5/><U85/><E121/><V93/><F93/><W29/><G29/><T55/><D14/><U16/><E123/><V23/><F23/><W100/><G128/><N who="0" m="49195" /><D30/><U17/><E79/><V39/><AGARI ba="0,1" hai="8,9,10,20,24,26,27,31,39,42,45,75,76,83" machi="39" ten="30,3000,0" yaku="1,1,0,1,53,0" doraHai="129" doraHaiUra="50" who="2" fromWho="2" sc="299,-10,212,-10,323,40,156,-10" /><INIT seed="2,1,0,4,2,60" ten="289,202,363,146" oya="2" hai0="47,25,86,13,105,11,129,66,98,127,38,26,78" hai1="46,62,77,103,69,16,97,40,1,7,81,56,70" hai2="30,96,10,90,8,48,109,107,63,65,106,91,29" hai3="114,5,104,14,21,93,122,39,119,61,134,130,32"/><V94/><F109/><W89/><G5/><T23/><D129/><U6/><E6/><V17/><F48/><W2/><G61/><T101/><D127/><U36/><E103/><V57/><F107/><W117/><G93/><T99/><D38/><U121/><E97/><V55/><F106/><W83/><G21/><T49/><D66/><U128/><E128/><V41/><F41/><W24/><G89/><T74/><D74/><U75/><E121/><V72/><F72/><W27/><G14/><T54/><D98/><U92/><E16/><V20/><F55/><W110/><G27/><T88/><D78/><U51/><E92/><V18/><F91/><W44/><G24/><T43/><D43/><U45/><E46/><V19/><F20/><W34/><G83/><T67/><D67/><U87/><E51/><V113/><F113/><W58/><G44/><T131/><D131/><U85/><E87/><V9/><AGARI ba="1,0" hai="8,9,10,17,18,19,29,30,57,63,65,90,94,96" machi="9" ten="30,6000,0" yaku="0,1,8,1,52,1" doraHai="60" who="2" fromWho="2" sc="289,-21,202,-21,363,63,146,-21" /><INIT seed="2,2,0,2,2,59" ten="268,181,426,125" oya="2" hai0="94,5,43,50,69,127,117,85,101,10,79,44,134" hai1="111,93,131,51,21,64,8,46,28,40,126,54,87" hai2="81,118,95,132,16,90,33,70,133,27,53,14,36" hai3="68,31,72,39,56,13,84,97,92,12,75,128,66"/><V48/><F118/><W11/><G39/><T96/><D69/><U20/><E111/><V6/><F36/><W91/><G128/><T73/><D117/><U130/><E126/><V77/><F6/><W86/><G68/><T57/><D73/><U3/><E64/><V71/><F27/><W58/><G75/><T45/><D127/><U109/><E109/><V74/><F33/><W121/><G72/><T99/><D134/><N who="2" m="51818" /><F48/><W9/><G121/><T32/><D32/><U115/><E115/><V76/><F76/><W61/><G58/><T55/><D99/><U89/><E28/><V123/><F53/><W38/><G31/><T23/><D23/><U125/><E125/><V26/><F26/><W1/><G38/><T35/><D35/><U129/><E40/><V104/><F104/><W113/><G1/><T114/><D114/><U110/><E110/><V63/><F63/><W41/><G41/><T120/><D120/><U107/><E107/><V42/><F42/><W52/><G113/><T78/><D85/><U119/><E119/><V106/><F106/><W0/><G0/><T105/><D105/><U4/><AGARI ba="2,0" hai="3,4,8,20,21,46,51,54,87,89,93,129,130,131" machi="4" ten="40,2700,0" yaku="0,1,19,1" doraHai="59" who="1" fromWho="1" sc="268,-9,181,33,426,-15,125,-9" /><INIT seed="3,0,0,1,5,100" ten="259,214,411,116" oya="3" hai0="27,8,11,33,52,98,13,75,125,90,26,42,82" hai1="3,133,104,115,37,54,113,21,83,72,28,92,47" hai2="30,0,84,129,36,19,61,16,40,25,79,124,96" hai3="102,105,24,65,20,122,97,9,23,4,62,110,114"/><W134/><G122/><T68/><D68/><U123/><E3/><V81/><F124/><W91/><G114/><T56/><D125/><U132/><E123/><V80/><F0/><W78/><G134/><N who="1" m="51818" /><E92/><V118/><F118/><W18/><G78/><T109/><D109/><U108/><E108/><V67/><F129/><W12/><G110/><T38/><D33/><U121/><E121/><V5/><F5/><W76/><G76/><T131/><D131/><U46/><E37/><V101/><F81/><W55/><G55/><T41/><D75/><U128/><E128/><V69/><F40/><W94/><G23/><T119/><D119/><U88/><E72/><V53/><F53/><W7/><G105/><T86/><D98/><U73/><E73/><V6/><F6/><W15/><G102/><T89/><D38/><U17/><E28/><V130/><F36/><W106/><G106/><T50/><D90/><U71/><E71/><V45/><F45/><N who="1" m="16905" /><E54/><V135/><F130/><W120/><G120/><T103/><D103/><U87/><E104/><N who="2" m="63527" /><F135/><W112/><G112/><T43/><REACH who="0" step="1"/><D11/><REACH who="0" ten="249,214,411,116" step="2"/><U85/><E87/><V39/><F39/><W1/><REACH who="3" step="1"/><G4/><AGARI ba="0,1" hai="4,8,13,26,27,41,42,43,50,52,56,82,86,89" machi="4" ten="40,8000,1" yaku="1,1,2,1,8,1,54,1,53,1" doraHai="100" doraHaiUra="77" who="0" fromWho="3" sc="249,90,214,0,411,0,116,-80" /><INIT seed="4,0,0,5,1,48" ten="339,214,411,36" oya="0" hai0="123,8,63,36,84,37,11,68,83,100,80,127,41" hai1="66,26,124,81,64,85,75,108,71,12,7,29,22" hai2="56,116,117,110,9,101,86,46,96,30,125,24,58" hai3="14,18,34,79,94,10,88,55,98,57,105,50,1"/><T35/><D123/><U89/><E75/><V60/><F110/><W95/><G34/><T47/><D127/><U115/><E108/><V44/><F125/><W93/><G1/><T92/><D35/><U49/><E124/><V104/><F86/><W31/><G105/><T91/><D100/><U74/><E115/><V121/><F58/><W78/><G31/><T40/><D68/><U133/><E71/><V106/><F106/><W73/><G73/><T134/><D134/><U2/><E2/><V102/><F102/><W126/><G126/><T15/><D63/><U112/><E112/><V27/><F9/><W119/><G119/><N who="2" m="45641" /><F121/><W33/><G33/><T39/><D39/><U6/><E133/><V5/><F5/><W113/><REACH who="3" step="1"/><G113/><REACH who="3" ten="339,214,411,26" step="2"/><T65/><D15/><U72/><E74/><V70/><F30/><W129/><G129/><T38/><D38/><U52/><BYE who="0" /><E72/><UN n0="%E7%95%99%E8%90%8C" /><V19/><F24/><W90/><G90/><T42/><D65/><N who="1" m="25195" /><E12/><V32/><F32/><W77/><AGARI ba="0,1" hai="10,14,18,50,55,57,77,78,79,88,93,94,95,98" machi="77" ten="30,8000,1" yaku="1,1,0,1,8,1,52,1,54,1,53,0" doraHai="48" doraHaiUra="82" who="3" fromWho="3" sc="339,-40,214,-20,411,-20,26,90" /><INIT seed="5,0,0,1,5,38" ten="299,194,391,116" oya="1" hai0="85,132,50,48,21,77,28,89,18,7,33,64,80" hai1="68,125,131,114,69,86,53,40,129,54,31,107,6" hai2="29,43,39,110,60,87,126,41,116,3,32,111,63" hai3="109,123,74,93,25,96,81,56,99,134,122,26,0"/><U5/><E107/><V16/><F3/><W105/><G0/><T47/><D132/><U100/><BYE who="0" /><E100/><V78/><F39/><UN n0="%E7%95%99%E8%90%8C" /><W118/><G56/><T58/><D64/><U67/><E86/><V9/><F116/><W76/><G26/><T98/><D33/><U124/><E31/><V44/><F44/><W101/><G25/><T22/><D28/><U24/><E24/><V79/><F29/><W71/><G71/><T45/><D7/><U62/><E114/><V59/><F87/><W83/><G109/><T103/><D58/><U72/><E72/><V20/><F59/><W115/><G118/><T15/><D22/><U82/><E82/><V135/><F20/><W70/><G70/><T94/><REACH who="0" step="1"/><D103/><REACH who="0" ten="289,194,391,116" step="2"/><U57/><E6/><V75/><F135/><W127/><G115/><T10/><D10/><U19/><E5/><V128/><F9/><W112/><G112/><T30/><D30/><U119/><E119/><V42/><F32/><W52/><G134/><T130/><D130/><N who="1" m="49675" /><E19/><V35/><F35/><W55/><G127/><N who="1" m="48714" /><E40/><V108/><F126/><W95/><G55/><AGARI ba="0,1" hai="53,54,55,57,62,67,68,69" m="48714,49675" machi="55" ten="30,11600,0" yaku="19,1,18,1,34,2" doraHai="38" who="1" fromWho="3" sc="289,0,194,126,391,0,116,-116" /><INIT seed="5,1,0,3,4,122" ten="289,320,391,0" oya="1" hai0="58,60,9,135,74,32,68,24,123,87,22,118,65" hai1="107,86,15,129,41,104,121,64,69,125,89,56,113" hai2="71,53,57,80,12,88,17,14,100,67,95,131,6" hai3="7,75,93,46,59,72,128,13,11,30,19,21,39"/><U115/><E121/><V105/><F131/><W130/><G39/><T98/><D123/><U109/><E69/><V79/><F71/><W51/><G59/><T63/><D118/><U37/><E125/><V48/><F105/><W132/><G93/><T1/><D32/><U25/><E25/><V133/><F133/><W31/><G75/><T120/><D120/><U5/><E129/><N who="3" m="49770" /><G72/><T85/><D135/><U119/><E119/><V134/><F134/><W61/><G61/><T78/><D74/><U34/><E34/><V81/><F100/><W73/><G73/><T26/><D98/><U18/><E5/><V0/><F67/><W52/><G132/><T8/><D1/><AGARI ba="1,0" hai="1,7,11,13,19,21,30,31,46,51,52" m="49770" machi="1" ten="30,2000,0" yaku="19,1,54,1" doraHai="122" who="3" fromWho="0" sc="289,-23,320,0,391,0,0,23" /><INIT seed="6,0,0,2,0,100" ten="266,320,391,23" oya="2" hai0="87,75,50,46,19,120,58,16,99,104,107,27,65" hai1="49,88,48,2,130,74,22,116,117,103,56,114,89" hai2="77,9,115,18,83,68,131,106,44,132,94,79,20" hai3="63,97,53,112,38,119,28,98,71,43,45,123,113"/><V31/><F115/><N who="3" m="44107" /><G123/><T5/><D120/><U32/><E2/><V7/><F68/><W124/><G28/><T47/><D75/><U11/><E32/><V110/><F132/><W64/><G97/><T121/><D121/><U41/><E74/><V1/><F31/><W59/><G98/><T122/><D122/><U67/><E130/><V135/><F131/><W33/><G33/><T40/><D5/><U26/><E114/><V35/><F135/><W73/><G73/><T13/><D65/><U60/><E103/><V108/><F35/><W3/><G3/><T17/><D87/><U15/><E116/><V52/><F94/><W129/><G119/><T90/><D27/><U8/><E117/><V54/><F106/><W30/><G30/><T82/><D13/><U39/><E39/><V127/><F127/><W4/><G4/><T109/><D109/><N who="2" m="42090" /><F44/><W6/><G6/><T36/><D58/><U21/><E21/><V66/><F66/><W92/><G92/><T85/><REACH who="0" step="1"/><D99/><REACH who="0" ten="256,320,391,23" step="2"/><U125/><E125/><V25/><F79/><W70/><G124/><T93/><D93/><U86/><E15/><V12/><F12/><W23/><G23/><T133/><D133/><U134/><E134/><V96/><F96/><W80/><G80/><T61/><D61/><U84/><E86/><AGARI ba="0,1" hai="1,7,9,18,20,25,52,54,77,83,86" m="42090" machi="86" ten="30,2900,0" yaku="10,1,54,1" doraHai="100" who="2" fromWho="1" sc="256,0,320,-29,391,39,23,0" /><INIT seed="6,1,0,1,2,79" ten="256,291,430,23" oya="2" hai0="89,127,4,102,64,95,19,88,98,117,116,15,82" hai1="81,124,34,67,14,75,25,72,111,76,33,61,103" hai2="35,59,109,69,8,62,126,86,70,21,27,66,134" hai3="99,123,112,47,39,38,128,101,20,11,31,114,29"/><V53/><F134/><W5/><G123/><T45/><D127/><U28/><E111/><V18/><F126/><W63/><G39/><T42/><D64/><U12/><E124/><V107/><F109/><W97/><G38/><T26/><D4/><U84/><E34/><V46/><F107/><W90/><G63/><T115/><D115/><N who="3" m="44073" /><G47/><T60/><D60/><U10/><E14/><V3/><F35/><W125/><G125/><T85/><D26/><U113/><E113/><V105/><F105/><W91/><G101/><T16/><D102/><U120/><E120/><V122/><F122/><W30/><G20/><T43/><D45/><U44/><E44/><V71/><F3/><N who="3" m="447" /><G128/><T92/><D92/><U110/><E110/><V68/><F46/><W0/><G0/><T74/><D74/><U130/><E130/><V104/><F104/><W17/><G17/><T32/><D32/><U48/><E48/><V22/><F8/><W40/><G40/><T2/><D2/><U7/><REACH who="1" step="1"/><E103/><REACH who="1" ten="256,281,430,23" step="2"/><V57/><F27/><W106/><G106/><T96/><D96/><AGARI ba="1,1" hai="29,30,31,90,91,96,97,99" m="447,44073" machi="96" ten="30,2000,0" yaku="15,1,11,1" doraHai="79" who="3" fromWho="0" sc="256,-23,281,0,430,0,23,33" /><INIT seed="7,0,0,3,1,32" ten="233,281,430,56" oya="3" hai0="13,96,72,133,29,11,6,89,8,24,9,57,41" hai1="44,90,63,135,111,127,123,134,43,76,98,56,2" hai2="21,114,27,50,120,14,28,104,20,91,121,58,108" hai3="52,40,100,102,97,113,47,12,64,5,34,128,19"/><W74/><G74/><T93/><D72/><U107/><E111/><V16/><F108/><W126/><G34/><T53/><D41/><U51/><E123/><N who="2" m="47179" /><F114/><W112/><G102/><T18/><D133/><N who="1" m="50699" /><E76/><V30/><F104/><W66/><G128/><T80/><D80/><U59/><E127/><V125/><F125/><W39/><G126/><T105/><D105/><U116/><E116/><V106/><F106/><W132/><G132/><T17/><D17/><U129/><E129/><V79/><F79/><W1/><G100/><T68/><D68/><U83/><E107/><V42/><F91/><W48/><G97/><T31/><D31/><U46/><E2/><V109/><F109/><W75/><G75/><T118/><D118/><U73/><E73/><V103/><F103/><W7/><G7/><T38/><D38/><N who="1" m="21623" /><E63/><V49/><F42/><W86/><G86/><T54/><D54/><N who="1" m="30071" /><E98/><V122/><F122/><W119/><G119/><T33/><REACH who="0" step="1"/><D6/><REACH who="0" ten="223,281,430,56" step="2"/><U95/><E95/><V25/><F30/><W10/><G113/><T81/><D81/><U115/><E115/><V0/><F28/><W124/><G112/><T67/><D67/><U36/><E36/><V15/><F16/><W92/><G124/><T101/><D101/><U110/><E110/><V131/><F131/><W45/><REACH who="3" step="1"/><G92/><REACH who="3" ten="223,281,430,46" step="2"/><T84/><D84/><AGARI ba="0,2" hai="56,59,83,84,90" m="30071,21623,50699" machi="84" ten="30,1000,0" yaku="20,1" doraHai="32" who="1" fromWho="0" sc="223,-10,281,30,430,0,46,0" owari="213,-19,311,11,430,53,46,-45" /></mjloggm>