<mjloggm ver="2.3"><GO type="137" lobby="0"/><UN n0="%E7%95%99%E8%90%8C" n1="%74%65%74%65%37%32%37" n2="%6B%61%6B%61%66%75" n3="%E7%AC%91%E9%A1%94%E3%81%8C%E6%98%A0%E3%81%A3%E3%81%9F" dan="11,15,12,11" rate="1610.49,1914.30,1563.72,1555.08" sx="F,M,M,F"/><TAIKYOKU oya="0"/><INIT seed="0,0,0,1,4,134" ten="250,250,250,250" oya="0" hai0="10,100,81,27,11,19,94,22,2,12,48,21,83" hai1="92,41,67,66,15,72,70,122,129,71,116,64,51" hai2="31,120,55,89,60,57,88,38,77,68,42,105,14" hai3="114,101,32,47,24,29,135,49,20,40,103,30,56"/><T95/><D2/><U109/><E72/><V91/><F120/><W25/><G114/><T107/><D107/><U104/><E104/><V90/><F105/><W69/><G135/><T126/><D126/><U26/><E122/><V16/><F31/><W59/><REACH who="3" step="1"/><G69/><REACH who="3" ten="250,250,250,240" step="2"/><T8/><D48/><U115/><E71/><V54/><F68/><W87/><G87/><T110/><D110/><U82/><E70/><V6/><F77/><W84/><G84/><T65/><D65/><U96/><E109/><V58/><F6/><W111/><G111/><T45/><D45/><U74/><E115/><V17/><F38/><W33/><G33/><T37/><D37/><U73/><E51/><V99/><F42/><W46/><G46/><T123/><D123/><U132/><E41/><V102/><F14/><W79/><G79/><T13/><D13/><U34/><E34/><V43/><F43/><W97/><G97/><N who="0" m="59447" /><D95/><U35/><E96/><V4/><F4/><W75/><G75/><T78/><D78/><U133/><E35/><V108/><F108/><W121/><G121/><T61/><D61/><U52/><E15/><V23/><F23/><W18/><G18/><AGARI ba="0,1" hai="8,10,11,12,18,19,21,22,27,81,83" m="59447" machi="18" ten="30,1500,0" yaku="8,1" doraHai="134" who="0" fromWho="3" sc="250,25,250,0,250,0,240,-15" /><INIT seed="0,1,0,5,4,7" ten="275,250,250,225" oya="0" hai0="130,132,19,84,58,47,118,0,11,91,42,77,95" hai1="6,129,109,67,108,122,32,36,4,90,8,110,61" hai2="28,75,44,111,133,49,92,52,100,65,102,60,15" hai3="128,20,33,54,99,120,48,125,121,93,97,53,18"/><T35/><D118/><U86/><E32/><V88/><F75/><W34/><G128/><T85/><D35/><U71/><E6/><V116/><F116/><W87/><G125/><T25/><D132/><U72/><E72/><V81/><F111/><W131/><G131/><T134/><D130/><U78/><E36/><V31/><F133/><W29/><G29/><T135/><D134/><U64/><E64/><V3/><F3/><W73/><G73/><T63/><D135/><U41/><E41/><V117/><F117/><W127/><G127/><T21/><D0/><U46/><E46/><V40/><F81/><W89/><G34/><T80/><D11/><U124/><E129/><V66/><F15/><N who="3" m="9311" /><G54/><N who="0" m="34263" /><D47/><U27/><E27/><V1/><F1/><W106/><G33/><T37/><D37/><U113/><E78/><V51/><F102/><W17/><G17/><T76/><D42/><U22/><E22/><V115/><F115/><W57/><G106/><T123/><D123/><AGARI ba="1,0" hai="48,53,57,87,89,93,97,99,120,121,123" m="9311" machi="123" ten="30,2000,0" yaku="25,1,13,1" doraHai="7" who="3" fromWho="0" sc="275,-23,250,0,250,0,225,23" /><INIT seed="1,0,0,5,5,46" ten="252,250,250,248" oya="1" hai0="81,1,105,9,67,90,82,85,51,76,130,35,66" hai1="127,79,52,14,78,99,11,123,63,16,135,21,118" hai2="32,89,18,102,45,80,2,97,86,112,94,69,64" hai3="126,133,71,92,75,104,33,87,56,115,54,70,25"/><U5/><E118/><V28/><F32/><W107/><G115/><T93/><D105/><U62/><E123/><V113/><F2/><W6/><G75/><T65/><D35/><U96/><E135/><V41/><F28/><W117/><G133/><T57/><D130/><U36/><E36/><V48/><REACH who="2" step="1"/><F18/><REACH who="2" ten="252,250,240,248" step="2"/><W15/><G33/><T134/><D1/><U110/><E110/><V84/><F84/><W129/><G117/><T106/><D106/><U47/><E127/><V108/><F108/><W29/><G126/><T60/><D9/><U132/><E132/><V120/><F120/><W23/><G107/><T8/><D134/><U119/><E119/><V43/><F43/><W0/><G104/><T109/><D8/><U24/><E99/><V122/><F122/><W125/><G0/><T4/><D109/><U59/><E96/><V91/><F91/><W103/><G125/><T61/><D4/><U10/><E10/><V95/><F95/><W38/><G87/><T128/><D128/><U111/><E111/><V55/><F55/><W22/><G129/><T53/><D76/><U100/><E100/><V114/><F114/><W124/><G124/><T19/><D19/><U31/><E31/><V3/><F3/><W68/><G103/><T13/><REACH who="0" step="1"/><D13/><REACH who="0" ten="242,250,240,248" step="2"/><U50/><E79/><V39/><F39/><W17/><G6/><T72/><D72/><U98/><E78/><V101/><F101/><W121/><G38/><T7/><D7/><U20/><E20/><V27/><F27/><W88/><G121/><T44/><D44/><U131/><E131/><V74/><F74/><RYUUKYOKU ba="0,2" sc="242,15,250,-15,240,15,248,-15" hai0="51,53,57,60,61,65,66,67,81,82,85,90,93" hai2="41,45,48,64,69,80,86,89,94,97,102,112,113" /><INIT seed="2,1,2,4,2,70" ten="257,235,255,233" oya="2" hai0="27,23,11,124,113,38,71,33,45,78,65,75,119" hai1="46,39,115,76,99,43,53,2,17,61,134,34,98" hai2="132,123,31,105,73,12,58,25,79,101,7,51,102" hai3="63,128,118,19,40,22,6,5,49,86,93,55,103"/><V26/><F123/><W66/><G118/><T100/><D119/><U69/><E34/><V9/><F26/><W104/><G40/><T60/><D113/><U62/><E115/><V91/><F132/><W126/><G104/><T56/><D124/><U122/><E134/><V3/><F73/><W80/><G126/><T81/><D33/><U20/><E2/><V133/><F133/><W0/><G128/><T108/><D108/><U116/><E116/><V84/><F79/><W121/><G0/><T48/><D38/><U96/><E76/><V129/><F105/><W97/><G121/><T110/><D110/><U74/><E74/><V90/><F129/><W68/><G80/><T92/><D11/><U135/><E135/><V35/><F3/><W10/><G86/><T14/><D14/><U82/><E82/><V54/><REACH who="2" step="1"/><F90/><REACH who="2" ten="257,235,245,233" step="2"/><W94/><G10/><T16/><D27/><U57/><E122/><V127/><F127/><W130/><G130/><T112/><D112/><U107/><E107/><V1/><F1/><W50/><G103/><T87/><D100/><U117/><E117/><V67/><F67/><W59/><G68/><T15/><D71/><U95/><E69/><V29/><F29/><W83/><G83/><AGARI ba="1,3" hai="7,9,12,25,31,35,51,54,58,83,84,91,101,102" machi="83" ten="30,2900,0" yaku="1,1,7,1,53,0" doraHai="70" doraHaiUra="111" who="2" fromWho="3" sc="257,0,235,0,245,62,233,-32" /><INIT seed="2,2,0,0,3,75" ten="257,235,307,201" oya="2" hai0="95,61,10,85,46,79,100,23,24,69,29,6,111" hai1="99,67,38,19,82,36,110,65,102,15,80,129,92" hai2="54,60,81,76,34,26,120,134,51,126,31,1,109" hai3="116,12,45,73,127,4,83,2,103,88,21,114,77"/><V28/><F120/><W39/><G116/><T40/><D69/><U58/><E110/><V119/><F119/><W72/><G127/><T122/><D111/><U84/><E82/><V66/><F109/><W108/><G108/><T64/><D122/><U42/><E129/><V48/><F126/><W117/><G117/><T86/><D79/><U63/><E67/><V125/><F125/><W97/><G39/><T49/><D100/><U105/><E42/><V115/><F115/><W71/><G71/><T35/><D35/><U104/><E38/><V50/><F1/><W14/><G45/><T55/><D95/><U112/><E36/><V98/><F134/><W106/><G114/><T131/><D131/><U9/><REACH who="1" step="1"/><E112/><REACH who="1" ten="257,225,307,201" step="2"/><V74/><F31/><W96/><G72/><T113/><D113/><U41/><E41/><V135/><F135/><W59/><G2/><T47/><D40/><U53/><E53/><V68/><REACH who="2" step="1"/><F98/><REACH who="2" ten="257,225,297,201" step="2"/><W93/><G97/><T17/><D29/><U22/><E22/><V52/><AGARI ba="2,2" hai="26,28,34,48,50,51,52,54,60,66,68,74,76,81" machi="52" ten="30,18000,2" yaku="1,1,2,1,0,1,52,1,54,1,53,1" doraHai="75" doraHaiUra="20" who="2" fromWho="2" sc="257,-62,225,-62,297,206,201,-62" /><INIT seed="2,3,0,5,1,22" ten="195,163,503,139" oya="2" hai0="48,86,135,69,26,118,57,116,58,78,46,8,68" hai1="73,133,85,5,53,15,119,3,41,104,126,10,88" hai2="45,100,114,67,115,122,4,34,0,43,125,70,28" hai3="19,80,113,33,121,111,92,106,132,74,29,59,54"/><V93/><F122/><W51/><G121/><T109/><D109/><U128/><E73/><V66/><F125/><W72/><G111/><T11/><D135/><U9/><E104/><V84/><F0/><W97/><G106/><T105/><D105/><U35/><E119/><N who="0" m="45609" /><D69/><U6/><E133/><V36/><F4/><W64/><G132/><T76/><D26/><U123/><E126/><V103/><F70/><W98/><G64/><T120/><D120/><U134/><E134/><V56/><F115/><W13/><G113/><T40/><D68/><U42/><E35/><V16/><F114/><W47/><G80/><N who="0" m="47367" /><D78/><U25/><E25/><V44/><F44/><W112/><G112/><T83/><D83/><U21/><E128/><V23/><F103/><W107/><G107/><T90/><D90/><U14/><E21/><V18/><F100/><W31/><G72/><T71/><D71/><U61/><E3/><V131/><F131/><W38/><G74/><T99/><D99/><N who="3" m="37897" /><G92/><T12/><D11/><U79/><E79/><V91/><F91/><W1/><G33/><T55/><D55/><U101/><E101/><V20/><F93/><W108/><G38/><T129/><D129/><U49/><E61/><V24/><F36/><W110/><G1/><T30/><D30/><N who="3" m="11273" /><G110/><T117/><N who="0" m="45617" /><T75/><DORA hai="62" /><D75/><U95/><E123/><V60/><F28/><W37/><G108/><T96/><D96/><U39/><E39/><V102/><F102/><W2/><G37/><T50/><D50/><U17/><E17/><AGARI ba="3,0" hai="8,12,17,40,46,48,57,58" m="47367,45617" machi="17" ten="40,1300,0" yaku="12,1" doraHai="22,62" who="0" fromWho="1" sc="195,22,163,-22,503,0,139,0" /><INIT seed="3,0,0,5,1,93" ten="217,141,503,139" oya="3" hai0="118,115,126,123,104,62,7,16,57,85,36,75,19" hai1="134,132,40,72,135,22,34,20,68,50,95,25,128" hai2="61,92,11,8,125,45,3,31,73,53,70,103,81" hai3="114,49,113,131,13,42,130,86,2,30,99,106,35"/><W17/><G2/><T29/><D36/><U56/><E68/><V74/><F31/><W97/><G35/><T48/><D118/><U120/><E72/><V18/><F125/><W55/><G42/><T77/><D123/><U44/><E120/><V122/><F122/><W107/><G30/><T27/><D126/><U89/><E128/><N who="3" m="49194" /><G86/><T52/><D115/><N who="3" m="44041" /><G107/><T4/><D104/><U105/><E105/><V59/><F70/><W51/><G106/><T32/><D75/><U9/><E9/><V58/><F3/><W6/><G6/><T60/><D77/><U110/><E110/><V28/><F28/><W84/><G84/><T108/><D85/><U109/><E109/><V71/><F71/><W38/><G38/><T10/><D108/><U98/><E34/><V66/><F81/><W23/><G51/><T12/><REACH who="0" step="1"/><D4/><REACH who="0" ten="207,141,503,139" step="2"/><U80/><E80/><V0/><F73/><W101/><G101/><T124/><D124/><U33/><E33/><V96/><F74/><W14/><G14/><T47/><D47/><AGARI ba="0,1" hai="13,17,23,47,49,55,97,99" m="44041,49194" machi="47" ten="30,5800,0" yaku="19,1,52,2" doraHai="93" who="3" fromWho="0" sc="207,-58,141,0,503,0,139,68" /><INIT seed="3,1,0,2,5,41" ten="149,141,503,207" oya="3" hai0="104,131,90,57,11,37,129,22,110,8,7,71,130" hai1="40,25,124,111,47,43,45,2,60,10,122,28,29" hai2="15,55,107,75,135,42,101,100,82,39,70,34,1" hai3="3,108,59,76,9,99,123,51,13,53,56,133,27"/><W68/><G123/><T89/><D37/><U79/><E122/><V93/><F1/><W94/><G3/><T50/><D104/><U6/><E111/><V109/><F34/><W114/><G68/><T66/><D71/><U81/><E124/><V54/><F109/><W14/><G114/><T106/><D106/><U97/><E60/><V26/><F70/><W72/><G108/><T121/><D121/><U116/><E97/><V44/><F107/><W73/><G133/><T117/><D110/><U127/><E127/><V119/><F119/><W118/><G27/><T30/><D117/><U49/><E25/><V19/><F135/><W48/><G118/><T17/><D30/><U91/><E91/><N who="0" m="34825" /><D7/><U112/><E112/><V115/><F115/><W63/><G76/><T92/><D92/><U88/><E88/><V105/><F105/><W0/><G0/><T18/><D50/><N who="3" m="18985" /><G72/><T67/><D57/><U83/><E83/><V33/><F33/><W98/><G73/><T38/><D38/><N who="1" m="21655" /><E116/><V36/><F36/><W77/><G56/><T20/><D67/><U96/><E96/><N who="3" m="36906" /><G77/><T31/><D66/><U132/><E132/><V102/><F26/><W69/><G69/><T103/><D103/><U78/><E78/><V113/><F113/><W52/><G94/><T21/><D31/><U32/><E32/><V87/><F93/><W5/><G13/><T46/><D46/><U61/><E61/><V134/><F134/><W86/><G86/><T35/><D35/><U128/><E128/><N who="0" m="32769" /><T64/><DORA hai="80" /><D64/><AGARI ba="1,0" hai="5,9,14,52,53,59,63,64" m="36906,18985" machi="64" ten="30,2900,0" yaku="8,1,54,1" doraHai="41,80" who="3" fromWho="0" sc="149,-32,141,0,503,0,207,32" /><INIT seed="3,2,0,2,0,130" ten="117,141,503,239" oya="3" hai0="85,35,74,125,43,76,62,113,65,36,92,61,81" hai1="110,117,52,24,15,129,1,98,120,122,25,124,78" hai2="57,55,19,46,63,73,32,106,11,50,47,27,93" hai3="56,77,49,83,128,45,40,80,96,127,8,13,104"/><W102/><G128/><T51/><D35/><U79/><E1/><V64/><F106/><W3/><G3/><T105/><D36/><U134/><E129/><V39/><F73/><W31/><G127/><T131/><D105/><U116/><E110/><V9/><F32/><W84/><G31/><T88/><D125/><U54/><E124/><V99/><F39/><W118/><G118/><T103/><D131/><U69/><E15/><V29/><F46/><W82/><G56/><T119/><D119/><U68/><E98/><V34/><F19/><AGARI ba="2,0" hai="8,13,19,40,45,49,77,80,82,83,84,96,102,104" machi="19" ten="30,1500,0" yaku="7,1" doraHai="130" who="3" fromWho="2" sc="117,0,141,0,503,-21,239,21" /><INIT seed="3,3,0,5,5,45" ten="117,141,482,260" oya="3" hai0="47,68,123,80,72,91,112,51,99,104,77,46,17" hai1="88,97,7,75,71,27,116,106,63,29,61,8,49" hai2="22,100,98,43,70,78,65,135,113,44,103,111,6" hai3="53,57,101,79,66,73,10,102,130,19,25,95,2"/><W118/><G118/><T37/><D123/><U74/><E116/><V93/><F113/><W131/><G2/><T21/><D68/><U9/><E9/><V117/><F117/><W58/><G73/><T41/><D112/><U12/><E106/><V90/><F6/><W26/><G79/><T121/><D121/><U110/><E110/><V32/><F111/><W11/><G19/><T109/><D109/><U67/><E63/><V82/><F32/><W86/><G66/><T128/><D128/><U69/><E69/><V5/><F5/><W94/><G86/><T20/><D17/><U33/><E97/><V18/><F135/><W34/><G53/><T107/><D107/><U125/><E125/><V52/><F70/><W14/><G14/><T83/><D83/><U59/><E88/><V55/><F65/><W89/><G89/><T92/><REACH who="0" step="1"/><D104/><REACH who="0" ten="107,141,482,260" step="2"/><U42/><E71/><V134/><F134/><W56/><G34/><T76/><D76/><U39/><E39/><V30/><F30/><W96/><G131/><T35/><D35/><U1/><E1/><V24/><F103/><W15/><G130/><T126/><D126/><U84/><E84/><V60/><F60/><W38/><G102/><T28/><D28/><U120/><E120/><V129/><F129/><W36/><G38/><T114/><D114/><U64/><E64/><V62/><F62/><W108/><G36/><T50/><D50/><U85/><E85/><V3/><F3/><W54/><G108/><T133/><D133/><U122/><E122/><V115/><F115/><W31/><G101/><T16/><D16/><RYUUKYOKU ba="3,1" sc="107,15,141,15,482,-15,260,-15" hai0="20,21,37,41,46,47,51,72,77,80,91,92,99" hai1="7,8,12,27,29,33,42,49,59,61,67,74,75" /><INIT seed="4,4,1,3,4,2" ten="122,156,467,245" oya="0" hai0="67,12,25,45,81,118,122,92,103,93,49,120,40" hai1="57,42,133,109,77,82,9,29,89,62,54,43,59" hai2="117,95,100,135,14,134,0,34,74,23,22,96,105" hai3="5,15,101,86,69,107,121,99,46,129,123,126,39"/><T21/><D118/><U55/><E109/><V94/><F34/><W10/><G69/><T119/><D119/><U113/><E133/><N who="2" m="50699" /><F0/><W106/><G129/><T20/><D122/><N who="3" m="46601" /><G126/><T31/><D120/><U97/><E29/><V32/><F32/><W56/><G39/><T53/><D67/><U19/><E113/><V124/><F117/><W35/><G35/><T41/><D81/><U68/><E68/><V78/><F124/><W90/><G46/><T37/><D37/><U13/><E97/><V63/><F74/><W30/><G30/><T104/><D104/><U72/><REACH who="1" step="1"/><E89/><REACH who="1" ten="122,146,467,245" step="2"/><V47/><F78/><W38/><G38/><T111/><D111/><U127/><E127/><V116/><F116/><W110/><G110/><T18/><REACH who="0" step="1"/><D103/><REACH who="0" ten="112,146,467,245" step="2"/><U85/><E85/><V75/><F100/><W7/><G107/><T44/><D44/><U108/><E108/><V64/><F47/><W28/><G86/><T60/><D60/><AGARI ba="4,3" hai="9,13,19,42,43,54,55,57,59,60,62,72,77,82" machi="60" ten="30,3900,0" yaku="1,1,7,1,9,1,53,0" doraHai="2" doraHaiUra="115" who="1" fromWho="0" sc="112,-51,146,81,467,0,245,0" /><INIT seed="5,0,0,5,2,107" ten="61,227,467,245" oya="1" hai0="74,23,47,39,114,93,63,130,104,83,71,35,73" hai1="95,115,94,1,32,14,86,56,80,16,18,132,135" hai2="19,72,60,20,49,92,9,133,131,40,120,24,61" hai3="48,51,31,45,26,103,134,122,85,97,6,126,55"/><U75/><E1/><V119/><F120/><W37/><G122/><T65/><D104/><U41/><E32/><V90/><F119/><W5/><G134/><N who="1" m="51242" /><E115/><V64/><F72/><W82/><G37/><T110/><D110/><U27/><E41/><V108/><F133/><W38/><G38/><T10/><D35/><U81/><E27/><V101/><F108/><W87/><G126/><T124/><D124/><U78/><E56/><V46/><F9/><W125/><G125/><T42/><D114/><U2/><E2/><V11/><F11/><W113/><G113/><T116/><D116/><U117/><E117/><V118/><F118/><W57/><G85/><T123/><D123/><U91/><E18/><V128/><F101/><W111/><G111/><T0/><D130/><N who="2" m="49706" /><F64/><W105/><G26/><T28/><D0/><U129/><E129/><V96/><AGARI ba="0,0" hai="19,20,24,40,46,49,60,61,90,92,96" m="49706" machi="96" ten="30,1100,0" yaku="19,1" doraHai="107" who="2" fromWho="2" sc="61,-3,227,-5,467,11,245,-3" /><INIT seed="6,0,0,5,5,122" ten="58,222,478,242" oya="2" hai0="53,63,33,81,123,26,84,131,54,92,120,118,52" hai1="29,25,129,51,124,78,39,89,47,65,97,8,86" hai2="128,57,77,94,13,21,19,93,6,83,37,96,127" hai3="58,70,16,87,18,0,23,135,101,106,40,14,46"/><V75/><F37/><W41/><G70/><T100/><D123/><U76/><E39/><V111/><F111/><W103/><G0/><T31/><D120/><U49/><E49/><V34/><F34/><W30/><G135/><T114/><D114/><U42/><E129/><V10/><F127/><W45/><G30/><T98/><D131/><U3/><E97/><V4/><F128/><W125/><G125/><T71/><D118/><U82/><E65/><V43/><F43/><N who="3" m="16459" /><G106/><T126/><D126/><U38/><E38/><V79/><F79/><W50/><G18/><T121/><D121/><U17/><E124/><V35/><F35/><W5/><G87/><T60/><REACH who="0" step="1"/><D71/><REACH who="0" ten="48,222,478,242" step="2"/><U55/><E42/><V12/><F57/><W102/><G5/><T73/><D73/><U44/><E44/><V74/><F4/><W66/><G45/><T117/><D117/><U133/><E133/><V134/><F74/><W109/><G109/><T62/><D62/><U22/><E3/><V130/><F134/><W69/><G69/><T95/><D95/><U115/><E115/><V119/><F119/><W9/><G46/><T88/><AGARI ba="0,1" hai="26,31,33,52,53,54,60,63,81,84,88,92,98,100" machi="88" ten="30,12000,2" yaku="1,1,0,1,54,2,53,2" doraHai="122" doraHaiUra="56" who="0" fromWho="0" sc="48,130,222,-30,478,-60,242,-30" /><INIT seed="7,0,0,3,0,83" ten="178,192,418,212" oya="3" hai0="78,29,8,100,67,128,94,127,23,86,103,113,22" hai1="47,52,135,56,68,82,31,74,34,38,18,37,65" hai2="1,10,4,48,49,101,131,72,106,121,16,24,91" hai3="9,45,21,129,0,81,46,71,120,44,108,122,110"/><W32/><G71/><T102/><D127/><U55/><E34/><V2/><F72/><W99/><G32/><T123/><D123/><N who="3" m="47145" /><G0/><T62/><D128/><U133/><E31/><V42/><F121/><W12/><G129/><T111/><D111/><N who="3" m="42537" /><G21/><T13/><D113/><U115/><E18/><V95/><F131/><W88/><G99/><T104/><D104/><U15/><E15/><V27/><F106/><W30/><G30/><T76/><D94/><U5/><E5/><V75/><F101/><W25/><G25/><T61/><D86/><U84/><E74/><V14/><F75/><W51/><G51/><T3/><D3/><U107/><E107/><V79/><F1/><W126/><G126/><T98/><D98/><U119/><E119/><V33/><F33/><W97/><G97/><T109/><D109/><U40/><BYE who="0" /><E38/><V26/><F79/><UN n0="%E7%95%99%E8%90%8C" /><W41/><G41/><T69/><D62/><N who="1" m="39991" /><E115/><V39/><F42/><W85/><G44/><T54/><D54/><U11/><E11/><V93/><F39/><W7/><AGARI ba="0,0" hai="7,9,12,45,46,81,85,88" m="42537,47145" machi="7" ten="30,6000,0" yaku="10,1,52,1,54,1" doraHai="83" who="3" fromWho="3" sc="178,-20,192,-20,418,-20,212,60" /><INIT seed="7,1,0,4,2,117" ten="158,172,398,272" oya="3" hai0="134,36,8,23,119,11,47,115,86,64,113,94,25" hai1="93,26,105,106,16,126,37,63,124,96,125,19,92" hai2="82,79,101,116,18,121,17,130,109,62,91,98,107" hai3="127,55,24,21,128,111,31,51,87,52,123,73,34"/><W33/><G123/><T43/><D119/><U56/><E37/><V80/><F116/><W84/><G73/><T29/><D134/><U67/><E93/><V6/><F121/><W10/><G128/><T57/><D94/><U40/><E40/><V49/><F109/><W112/><G127/><T114/><REACH who="0" step="1"/><D86/><REACH who="0" ten="148,172,398,272" step="2"/><U65/><E65/><V122/><F122/><W48/><G111/><T5/><D5/><U78/><E78/><V4/><F130/><W99/><G112/><T103/><D103/><U108/><E108/><V72/><F82/><W7/><G87/><T44/><D44/><U66/><E66/><V132/><F91/><W35/><G84/><T15/><D15/><U58/><E26/><V53/><F132/><W71/><G99/><T81/><D81/><U12/><E12/><V22/><F4/><W2/><G71/><T95/><D95/><U83/><E83/><V61/><F6/><W76/><REACH who="3" step="1"/><G76/><REACH who="3" ten="148,172,398,262" step="2"/><T38/><D38/><U90/><E106/><V9/><F107/><W0/><G0/><T70/><D70/><N who="1" m="42367" /><E105/><V20/><F79/><W32/><N who="3" m="8704" /><DORA hai="120" /><W46/><G46/><T69/><D69/><U97/><E97/><V27/><F98/><W88/><G88/><T118/><D118/><U131/><E131/><V85/><F85/><W50/><AGARI ba="1,2" hai="2,7,10,21,24,31,48,50,51,52,55" m="8704" machi="50" ten="60,18000,2" yaku="1,1,0,1,54,1,53,3" doraHai="117,120" doraHaiUra="45,60" who="3" fromWho="3" sc="148,-61,172,-61,398,-61,262,203" owari="87,-41,111,-29,337,14,465,56" /></mjloggm>