<mjloggm ver="2.3"><GO type="137" lobby="0"/><UN n0="%6E%32%32%33" n1="%30%30%30%E3%82%88%E3%81%97%E3%81%8A" n2="%E5%A4%9C%E3%83%8E%E6%A3%AE%E3%81%B1%E3%82%8B%E3%81%AB%E3%82%83%E3%81%99" n3="%E7%95%99%E8%90%8C" dan="13,13,11,11" rate="1762.91,1789.63,1861.02,1585.90" sx="M,M,F,F"/><TAIKYOKU oya="0"/><INIT seed="0,0,0,1,3,99" ten="250,250,250,250" oya="0" hai0="43,130,12,67,78,75,69,129,35,33,21,47,61" hai1="23,26,80,114,74,59,71,117,135,86,5,0,105" hai2="53,76,90,70,95,98,91,55,48,30,36,1,64" hai3="2,16,112,119,25,19,37,108,100,15,72,66,4"/><T77/><D12/><U6/><E117/><V62/><F1/><W42/><G119/><T11/><D21/><U34/><E71/><V57/><F76/><W56/><G112/><T106/><D11/><U115/><E74/><V20/><F36/><W101/><G72/><T89/><D89/><U22/><E135/><V109/><F109/><W127/><G108/><T94/><D94/><U97/><E59/><V87/><F30/><W102/><G127/><T81/><D78/><U120/><E120/><V85/><F20/><W58/><G37/><T83/><D83/><U118/><E118/><V124/><F124/><W39/><G39/><T46/><D46/><U51/><E51/><V9/><F9/><W7/><G42/><T27/><D27/><U52/><E52/><V88/><REACH who="2" step="1"/><F53/><REACH who="2" ten="250,250,240,250" step="2"/><W107/><G2/><T121/><D121/><U40/><E23/><V65/><F65/><W111/><G107/><T8/><D8/><U133/><E133/><V63/><F63/><N who="3" m="38247" /><G111/><T38/><REACH who="0" step="1"/><D106/><REACH who="0" ten="240,250,240,250" step="2"/><U45/><E34/><AGARI ba="0,2" hai="33,34,35,38,43,47,61,67,69,75,77,81,129,130" machi="34" ten="40,12000,1" yaku="1,1,2,1,23,2,53,1" doraHai="99" doraHaiUra="104" who="0" fromWho="1" sc="240,140,250,-120,240,0,250,0" /><INIT seed="0,1,0,5,3,53" ten="380,130,240,250" oya="0" hai0="22,30,68,13,113,112,65,61,29,14,78,8,52" hai1="24,84,23,59,42,120,10,12,134,86,4,129,39" hai2="57,91,133,25,3,21,71,104,49,90,50,2,92" hai3="9,95,115,109,18,11,28,38,45,15,20,63,99"/><T64/><D78/><U103/><E120/><V126/><F71/><W130/><G115/><T60/><D22/><U54/><E134/><V27/><F104/><W108/><G130/><T114/><D8/><U48/><E129/><V74/><F74/><W121/><G121/><T123/><D123/><U17/><E103/><V81/><F81/><W7/><G63/><T77/><D77/><U102/><E39/><V37/><F37/><W101/><G38/><T1/><D1/><U125/><E42/><V0/><F133/><W58/><G58/><T79/><D79/><U132/><E132/><V5/><F5/><W117/><G117/><T80/><D80/><U124/><REACH who="1" step="1"/><E102/><REACH who="1" ten="380,120,240,250" step="2"/><V55/><F126/><AGARI ba="1,1" hai="4,10,12,17,23,24,48,54,59,84,86,124,125,126" machi="126" ten="40,8000,1" yaku="1,1,2,1,18,1,52,1,53,0" doraHai="53" doraHaiUra="35" who="1" fromWho="2" sc="380,0,120,93,240,-83,250,0" /><INIT seed="1,0,0,5,0,109" ten="380,213,157,250" oya="1" hai0="131,99,19,96,44,33,45,105,100,42,120,71,74" hai1="26,88,4,134,91,112,113,132,73,40,130,86,66" hai2="87,127,51,65,122,63,46,80,31,43,97,28,98" hai3="101,61,39,58,123,9,104,76,53,54,77,52,79"/><U3/><E73/><V5/><F122/><W13/><G123/><T68/><D120/><U115/><E130/><V129/><F129/><W11/><G39/><N who="0" m="21599" /><D19/><U82/><E40/><V6/><F127/><W103/><G104/><N who="0" m="63495" /><D131/><U23/><E66/><V22/><F97/><W36/><G36/><T70/><D45/><U55/><E4/><V125/><F125/><W37/><G37/><T16/><D16/><N who="1" m="12647" /><E3/><V29/><F98/><W1/><G1/><T12/><D12/><U72/><E55/><V78/><REACH who="2" step="1"/><F22/><REACH who="2" ten="380,213,147,250" step="2"/><W121/><G121/><T95/><D33/><U67/><E72/><V59/><AGARI ba="0,1" hai="5,6,28,29,31,43,46,51,59,63,65,78,80,87" machi="59" ten="30,12000,2" yaku="1,1,2,1,0,1,8,1,53,3" doraHai="109" doraHaiUra="24" who="2" fromWho="2" sc="380,-30,213,-60,147,130,250,-30" /><INIT seed="2,0,0,5,3,44" ten="350,153,277,220" oya="2" hai0="40,74,75,80,42,118,107,114,50,33,4,98,70" hai1="1,23,126,81,3,76,22,7,14,10,122,25,45" hai2="109,123,97,135,66,27,90,49,108,9,113,134,73" hai3="94,59,51,102,72,64,95,41,100,68,132,5,13"/><V83/><F66/><W2/><G72/><T39/><D70/><U105/><E105/><V17/><F123/><W62/><G2/><T78/><D33/><U129/><E126/><V28/><F113/><W0/><G0/><T55/><D114/><U127/><E127/><V31/><F97/><W36/><G36/><T104/><D74/><U18/><E122/><V37/><F37/><W20/><G132/><N who="2" m="50729" /><F90/><W65/><G68/><T8/><D40/><U47/><E129/><V24/><F83/><W84/><G5/><T26/><D26/><N who="2" m="9770" /><F73/><W35/><G35/><T120/><D120/><U21/><E1/><V52/><F17/><W99/><G13/><T38/><D38/><U115/><E115/><V77/><F77/><W130/><G130/><T63/><D63/><U34/><E22/><V117/><F9/><W54/><G20/><T43/><D43/><U15/><E3/><V79/><F79/><W128/><G128/><T121/><D121/><U92/><E92/><V86/><F86/><W48/><G41/><T16/><D4/><U106/><E106/><V96/><F96/><N who="3" m="59415" /><G84/><T19/><D8/><U32/><E32/><V93/><F93/><W101/><G101/><T29/><D29/><N who="2" m="11338" /><F117/><W124/><G124/><T88/><D118/><U6/><E34/><V56/><AGARI ba="0,0" hai="49,52,56,108,109" m="11338,9770,50729" machi="56" ten="40,7800,0" yaku="20,1,52,1,54,1" doraHai="44" who="2" fromWho="2" sc="350,-26,153,-26,277,78,220,-26" /><INIT seed="2,1,0,0,3,74" ten="324,127,355,194" oya="2" hai0="125,93,53,116,120,135,108,87,42,103,30,44,133" hai1="4,111,89,40,110,99,132,26,84,131,54,25,47" hai2="11,10,119,1,37,48,124,7,72,27,114,118,70" hai3="24,14,128,65,50,16,55,69,52,66,85,102,75"/><V80/><F70/><W117/><G75/><T60/><D30/><U97/><E4/><V68/><F68/><W126/><G117/><T17/><D120/><U86/><E132/><N who="0" m="50761" /><D103/><U82/><E131/><V95/><F95/><W91/><G128/><T31/><D31/><U15/><E15/><V6/><F48/><W56/><G126/><T41/><D17/><U22/><E54/><V134/><F134/><W81/><G102/><T88/><D108/><N who="1" m="41515" /><E86/><V79/><F119/><W123/><G123/><T43/><D116/><U94/><E22/><V109/><F124/><W34/><G34/><T112/><D112/><U58/><E58/><V61/><F61/><N who="3" m="38055" /><G69/><T129/><D129/><U12/><E12/><V33/><F114/><W121/><G121/><T105/><D105/><U107/><E107/><V92/><F92/><W3/><G3/><T59/><D125/><U73/><E73/><V8/><F8/><N who="3" m="6215" /><G66/><T115/><D115/><U63/><E63/><V130/><F130/><W100/><G24/><N who="1" m="9322" /><E94/><V5/><F5/><W64/><G64/><T39/><AGARI ba="1,0" hai="39,41,42,43,44,53,59,60,87,88,93" m="50761" machi="39" ten="30,2000,0" yaku="20,1,54,1" doraHai="74" who="0" fromWho="0" sc="324,23,127,-6,355,-11,194,-6" /><INIT seed="3,0,0,0,4,49" ten="347,121,344,188" oya="3" hai0="27,85,102,108,3,117,39,124,38,53,32,99,90" hai1="72,104,120,42,93,75,74,97,126,110,111,9,44" hai2="1,98,95,58,71,2,56,125,28,119,48,37,59" hai3="47,78,122,11,134,115,135,55,103,18,87,25,70"/><W50/><G122/><T68/><D117/><U12/><E120/><V133/><F71/><W54/><G115/><T0/><D124/><U14/><E126/><V4/><F37/><W15/><G103/><T113/><D108/><U8/><E104/><V67/><F119/><W86/><G70/><T76/><D113/><U83/><E83/><V21/><F4/><W22/><G78/><T35/><D76/><U10/><E44/><V94/><F48/><W114/><G114/><T91/><D68/><U34/><E42/><V45/><F45/><W79/><G79/><T64/><D64/><U62/><E62/><V63/><F94/><W127/><G127/><T19/><D19/><U121/><E34/><V128/><F2/><W43/><G87/><T16/><D85/><U30/><E30/><V105/><F1/><W69/><G69/><T13/><D27/><U129/><E129/><V101/><F105/><W52/><REACH who="3" step="1"/><G86/><REACH who="3" ten="347,121,344,178" step="2"/><T33/><D102/><U92/><E121/><V131/><F125/><W81/><G81/><T116/><D116/><U100/><E100/><N who="2" m="60511" /><F131/><W106/><G106/><T23/><D99/><U82/><E82/><V5/><F128/><W36/><G36/><T112/><D112/><U40/><E97/><V29/><F101/><W57/><G57/><T20/><D39/><U96/><E93/><V132/><F56/><W41/><G41/><T46/><D38/><U65/><E40/><V60/><F58/><W66/><G66/><T77/><D77/><U109/><E65/><V80/><F67/><W6/><AGARI ba="0,1" hai="6,11,15,18,22,25,43,47,50,52,54,55,134,135" machi="6" ten="30,18000,2" yaku="1,1,0,1,52,3,54,1,53,0" doraHai="49" doraHaiUra="73" who="3" fromWho="3" sc="347,-60,121,-60,344,-60,178,190" /><INIT seed="3,1,0,5,0,93" ten="287,61,284,368" oya="3" hai0="20,12,101,113,94,13,16,3,63,99,9,108,22" hai1="56,50,107,49,109,128,97,38,27,57,28,15,110" hai2="4,132,98,77,26,51,130,23,25,30,122,133,17" hai3="74,2,88,52,45,125,69,58,89,33,96,102,37"/><W36/><G2/><T11/><D108/><N who="1" m="41579" /><E128/><V124/><F77/><W72/><G33/><T100/><D113/><U112/><E112/><V40/><F122/><W84/><G69/><T32/><D3/><U123/><E123/><V111/><F130/><W60/><G125/><T54/><D32/><U21/><E38/><V83/><F83/><W66/><G72/><T31/><D31/><U62/><E15/><V67/><F4/><W44/><G74/><T24/><D101/><N who="1" m="62895" /><E57/><V85/><F85/><W8/><G8/><T0/><D0/><U81/><E81/><V18/><F124/><W80/><G36/><T61/><D54/><AGARI ba="1,0" hai="21,27,28,49,50,54,56,62" m="62895,41579" machi="54" ten="30,2000,0" yaku="14,1,52,1" doraHai="93" who="1" fromWho="0" sc="287,-23,61,23,284,0,368,0" /><INIT seed="4,0,0,5,0,42" ten="264,84,284,368" oya="0" hai0="24,47,64,60,33,73,95,79,17,84,67,52,30" hai1="125,6,1,99,32,118,117,74,37,0,124,55,132" hai2="76,43,89,27,107,98,101,96,127,14,36,46,40" hai3="119,9,116,44,45,20,7,91,85,25,131,23,75"/><T121/><D121/><U97/><E32/><V49/><F76/><W59/><G75/><T61/><D73/><U105/><E74/><V111/><F111/><W130/><G116/><N who="1" m="44650" /><E37/><V22/><F14/><W65/><G119/><T134/><D134/><U57/><E6/><V86/><F127/><N who="1" m="48713" /><E105/><V5/><F5/><W50/><G7/><T135/><D135/><U69/><E69/><V123/><F123/><W13/><G9/><T3/><D3/><N who="1" m="1099" /><E132/><V16/><F98/><N who="1" m="37385" /><E57/><V83/><F36/><W56/><G13/><T34/><D34/><U80/><E80/><V120/><F120/><W81/><G130/><T31/><D31/><U122/><E55/><AGARI ba="0,0" hai="16,22,27,40,43,46,49,55,83,86,89,96,101,107" machi="55" ten="30,3900,0" yaku="7,1,52,1,54,1" doraHai="42" who="2" fromWho="1" sc="264,0,84,-39,284,39,368,0" /><INIT seed="5,0,0,4,5,88" ten="264,45,323,368" oya="1" hai0="102,5,74,52,134,45,90,44,129,100,116,38,50" hai1="120,63,135,95,19,75,2,9,71,49,57,110,112" hai2="17,87,56,14,37,83,96,29,122,70,107,99,42" hai3="67,81,28,62,24,21,36,126,101,69,4,123,119"/><U130/><E120/><V18/><F70/><W6/><G123/><T117/><D74/><U114/><E75/><V98/><F29/><W133/><G36/><T103/><D129/><U85/><E71/><V73/><F73/><W113/><G113/><N who="1" m="43626" /><E130/><V76/><F98/><W41/><G126/><T109/><D109/><U55/><E135/><V68/><F68/><W65/><G133/><T12/><D134/><U115/><N who="1" m="43634" /><U25/><DORA hai="32" /><E110/><V22/><F122/><W79/><G119/><T59/><D90/><N who="1" m="53711" /><E25/><V105/><F99/><W51/><G101/><T48/><D38/><U20/><E20/><V10/><F96/><W92/><G67/><T31/><D31/><U66/><E19/><V72/><F72/><W118/><G118/><T39/><D39/><U33/><E33/><V84/><F84/><W131/><G131/><T16/><D5/><N who="1" m="1207" /><E49/><V34/><F17/><W132/><G92/><T11/><REACH who="0" step="1"/><D59/><REACH who="0" ten="254,45,323,368" step="2"/><U13/><E13/><V35/><F22/><W0/><G132/><T58/><D58/><U7/><E7/><V43/><F56/><W60/><G0/><T30/><D30/><U40/><E40/><AGARI ba="0,1" hai="11,12,16,40,44,45,48,50,52,100,102,103,116,117" machi="40" ten="40,5200,0" yaku="1,1,54,2,53,0" doraHai="88,32" doraHaiUra="108,89" who="0" fromWho="1" sc="254,62,45,-52,323,0,368,0" owari="316,-8,-7,-51,323,12,368,47" /></mjloggm>