<mjloggm ver="2.3"><GO type="137" lobby="0"/><UN n0="%E3%81%9D%E3%81%82" n1="%E3%82%B9%E3%83%8E%E3%83%BC%E3%82%A6%E3%82%A3%E3%83%BC" n2="%6E%6F%62%75%31%32%33%31" n3="%E7%95%99%E8%90%8C" dan="11,12,12,12" rate="1794.43,1627.37,1709.41,1744.15" sx="M,M,M,M"/><TAIKYOKU oya="0"/><INIT seed="0,0,0,4,3,33" ten="250,250,250,250" oya="0" hai0="2,126,98,101,45,128,116,17,114,109,38,27,92" hai1="44,29,25,102,68,41,5,58,9,90,3,89,71" hai2="62,96,35,120,105,81,51,112,83,0,42,8,94" hai3="67,19,48,52,11,12,74,26,34,10,99,21,110"/><T13/><D45/><U88/><E102/><V28/><F120/><W93/><G74/><T31/><D38/><U121/><E121/><V100/><F112/><W127/><G67/><T15/><D114/><U82/><E58/><V4/><F105/><W20/><G110/><T63/><D116/><U47/><E82/><V72/><F72/><W119/><G119/><T54/><D128/><U107/><E107/><V60/><F35/><W73/><G73/><T32/><D126/><U30/><E47/><V85/><F28/><W23/><G127/><T36/><D36/><U43/><E43/><V46/><F81/><W77/><G77/><AGARI ba="0,0" hai="0,4,8,42,46,51,60,62,77,83,85,94,96,100" machi="77" ten="30,2000,0" yaku="7,1,52,1" doraHai="33" who="2" fromWho="3" sc="250,0,250,0,250,20,250,-20" /><INIT seed="1,0,0,2,4,9" ten="250,250,270,230" oya="1" hai0="103,62,12,42,19,3,107,94,120,93,18,2,125" hai1="76,95,132,40,126,119,38,98,91,129,97,81,25" hai2="90,75,100,45,102,31,13,83,53,77,106,135,59" hai3="105,66,99,22,10,109,128,54,122,114,44,71,115"/><U87/><E119/><V63/><F106/><W29/><G105/><T96/><D125/><U55/><E126/><V80/><F135/><W6/><G122/><T134/><D134/><U123/><E132/><V69/><F69/><W11/><G99/><T101/><D120/><U133/><E123/><V33/><F33/><W74/><G74/><T52/><D42/><U121/><E133/><V130/><F31/><W39/><G71/><T14/><D107/><U27/><E121/><V4/><F45/><W72/><G72/><T79/><D79/><U28/><E129/><V36/><F36/><W41/><G66/><T108/><D108/><U5/><E5/><V112/><F112/><W0/><G109/><T64/><D3/><U7/><E7/><V60/><F60/><W34/><G128/><T43/><D43/><U70/><E70/><V68/><F68/><W1/><G54/><T30/><D2/><U89/><E38/><V24/><F24/><W35/><G22/><T88/><D30/><U73/><E40/><V124/><F124/><W23/><G23/><T131/><D131/><U116/><E116/><V110/><F110/><W56/><G56/><T48/><D93/><U86/><E55/><V16/><F4/><N who="3" m="1287" /><G29/><T15/><D62/><U26/><E28/><V49/><F49/><W67/><G67/><T17/><D64/><U37/><E37/><V47/><F47/><AGARI ba="0,0" hai="12,14,15,17,18,19,47,48,52,88,94,96,101,103" machi="47" ten="40,12000,2" yaku="8,1,52,3,54,2" doraHai="9" who="0" fromWho="2" sc="250,120,250,0,270,-120,230,0" /><INIT seed="2,0,0,2,1,21" ten="370,250,150,230" oya="2" hai0="43,51,135,107,78,121,92,133,5,87,76,95,40" hai1="19,103,132,13,105,58,80,97,130,112,65,85,99" hai2="82,93,98,25,134,91,94,41,111,88,66,56,96" hai3="63,108,68,72,44,131,117,10,22,46,106,77,81"/><V4/><F134/><N who="0" m="51210" /><D51/><U3/><E132/><V126/><F126/><W119/><G106/><T35/><D35/><U34/><E112/><V124/><F124/><W113/><G10/><T2/><D107/><U123/><E130/><V7/><F111/><W33/><G22/><T17/><D17/><U29/><E3/><V116/><F116/><W23/><G23/><T60/><D60/><U129/><E129/><V6/><F25/><W114/><G33/><T59/><D59/><U16/><E123/><V84/><F41/><N who="0" m="15946" /><D121/><U48/><E99/><V62/><REACH who="2" step="1"/><F4/><REACH who="2" ten="370,250,140,230" step="2"/><W110/><G119/><T86/><D5/><U120/><E120/><V70/><F70/><W49/><G117/><T128/><D128/><U52/><E29/><V90/><AGARI ba="0,1" hai="6,7,56,62,66,82,84,88,90,91,93,94,96,98" machi="90" ten="20,18000,2" yaku="1,1,0,1,7,1,9,1,8,1,54,1,53,0" doraHai="21" doraHaiUra="115" who="2" fromWho="2" sc="370,-60,250,-60,140,190,230,-60" /><INIT seed="2,1,0,4,4,72" ten="310,190,330,170" oya="2" hai0="81,79,5,49,62,93,91,130,73,133,87,40,99" hai1="103,57,105,23,35,68,76,60,9,117,122,115,39" hai2="69,36,96,4,17,82,77,59,132,128,106,75,27" hai3="0,16,134,24,54,110,31,71,50,100,65,95,51"/><V67/><F36/><W22/><G0/><T78/><D133/><U83/><E115/><V18/><F132/><W104/><G104/><T123/><D123/><U116/><E68/><V20/><F128/><W47/><G134/><T32/><D32/><U111/><E35/><V26/><F69/><W37/><G100/><T98/><D130/><U84/><E39/><V1/><F106/><W114/><G95/><T90/><D62/><U121/><E111/><V127/><F127/><W19/><G114/><T64/><D64/><U112/><E112/><V120/><F120/><N who="1" m="46185" /><E9/><V25/><F96/><W29/><G110/><T89/><D5/><U43/><E43/><V12/><F1/><W70/><G31/><T8/><D8/><U45/><E45/><V129/><F129/><W56/><G37/><T101/><D49/><U2/><E2/><V107/><F107/><W48/><G48/><T97/><D40/><U11/><E11/><V66/><F4/><W30/><G30/><T80/><AGARI ba="1,0" hai="73,78,79,80,81,87,89,90,91,93,97,98,99,101" machi="80" ten="30,16000,3" yaku="0,1,35,6,52,2" doraHai="72" who="0" fromWho="0" sc="310,163,190,-41,330,-81,170,-41" /><INIT seed="3,0,0,2,3,74" ten="473,149,249,129" oya="3" hai0="56,88,28,92,113,97,100,121,96,17,25,90,24" hai1="85,117,20,22,111,7,38,80,61,65,91,21,131" hai2="64,53,130,68,72,122,62,84,66,27,29,104,71" hai3="126,40,59,41,79,93,103,75,16,127,76,46,128"/><W35/><G35/><T47/><D121/><U98/><E111/><V120/><F104/><W48/><G59/><T5/><D113/><U73/><E131/><V83/><F72/><W49/><G128/><T55/><D47/><U86/><E38/><V94/><F94/><W110/><G103/><T134/><D134/><U133/><E73/><V116/><F116/><W115/><G93/><T0/><D17/><U19/><E133/><V33/><F130/><W39/><G115/><T78/><D0/><U45/><E117/><V69/><F53/><W34/><G34/><T112/><D112/><U101/><E7/><V14/><F14/><W37/><G16/><T57/><D5/><U132/><E132/><V87/><F87/><W12/><G12/><T13/><D13/><U6/><E6/><V81/><F81/><W4/><G4/><T67/><D67/><U3/><E3/><V102/><F102/><W32/><G32/><T43/><D43/><U9/><E45/><V114/><F114/><W8/><G8/><T44/><D44/><U124/><E124/><N who="3" m="47658" /><G110/><T50/><D56/><U107/><E86/><V77/><REACH who="2" step="1"/><F66/><REACH who="2" ten="473,149,239,129" step="2"/><W106/><G106/><T51/><D51/><N who="3" m="19529" /><G75/><T36/><D36/><N who="3" m="13897" /><G46/><T31/><D25/><U23/><E65/><V70/><AGARI ba="0,1" hai="27,29,33,62,64,68,69,70,71,77,83,84,120,122" machi="70" ten="40,8000,1" yaku="1,1,0,1,52,1,53,2" doraHai="74" doraHaiUra="118" who="2" fromWho="2" sc="473,-20,149,-20,239,90,129,-40" /><INIT seed="4,0,0,2,0,68" ten="453,129,329,89" oya="0" hai0="82,79,102,61,101,17,6,133,95,42,92,23,49" hai1="55,38,135,130,84,40,25,98,134,111,85,88,62" hai2="5,83,90,77,87,47,66,91,22,104,57,29,127" hai3="48,103,64,96,21,37,34,113,99,54,24,125,3"/><T26/><D133/><N who="1" m="50699" /><E111/><V14/><F104/><W43/><G3/><T59/><D6/><U67/><E130/><V86/><F127/><W108/><G34/><T7/><D7/><U128/><E128/><V19/><F47/><W15/><G108/><T33/><D33/><U112/><E55/><V109/><F109/><W0/><G0/><T115/><D115/><U8/><E112/><V129/><F129/><W10/><G113/><T89/><D95/><N who="1" m="56679" /><E8/><V63/><F29/><W58/><G64/><T53/><D49/><U28/><E40/><V27/><REACH who="2" step="1"/><F87/><REACH who="2" ten="453,129,319,89" step="2"/><W51/><G125/><T122/><D122/><U80/><E85/><V13/><F13/><W44/><G48/><T41/><D41/><U73/><E84/><V30/><F30/><N who="3" m="17679" /><G103/><T52/><D42/><U106/><E106/><V119/><F119/><W65/><G65/><T123/><D123/><U31/><E31/><V131/><F131/><W74/><G74/><T76/><D53/><U16/><E73/><V124/><F124/><W132/><G132/><T114/><D114/><U4/><E28/><V107/><F107/><W94/><G94/><T117/><D117/><U1/><E67/><V71/><F71/><W120/><G120/><T32/><D32/><U75/><E75/><V12/><F12/><W116/><G116/><T2/><D2/><U35/><E1/><V121/><F121/><W36/><G36/><T45/><D45/><U46/><E38/><V18/><F18/><W69/><G69/><T105/><D105/><U72/><E72/><V9/><AGARI ba="0,1" hai="5,9,14,19,22,27,57,63,66,77,83,86,90,91" machi="9" ten="30,7900,0" yaku="1,1,0,1,8,1,53,1" doraHai="68" doraHaiUra="60" who="2" fromWho="2" sc="453,-39,129,-20,319,89,89,-20" /><INIT seed="5,0,0,4,1,1" ten="414,109,408,69" oya="1" hai0="81,96,108,67,15,126,35,33,9,119,114,23,11" hai1="129,0,97,130,39,103,41,46,80,66,71,3,32" hai2="113,111,106,93,94,63,132,43,59,25,2,44,28" hai3="26,78,14,104,64,110,83,117,69,122,121,120,109"/><U20/><E32/><N who="0" m="12361" /><D96/><U92/><E80/><V8/><F111/><N who="3" m="42507" /><G26/><T40/><D81/><U19/><E66/><V72/><F106/><W22/><G22/><T65/><D40/><U34/><E71/><V100/><F72/><N who="3" m="43463" /><G14/><T68/><D108/><U27/><REACH who="1" step="1"/><E34/><REACH who="1" ten="414,99,408,69" step="2"/><V16/><F132/><W17/><G17/><T89/><D68/><U50/><E50/><V13/><F113/><W112/><G64/><T77/><D67/><U95/><E95/><V82/><F82/><W79/><G79/><T134/><D65/><U18/><E18/><V4/><F94/><W87/><G87/><T91/><D77/><U124/><E124/><V105/><F93/><W127/><G127/><T30/><D114/><U128/><AGARI ba="0,1" hai="0,3,19,20,27,39,41,46,92,97,103,128,129,130" machi="128" ten="30,6000,0" yaku="1,1,0,1,19,1,53,0" doraHai="1" doraHaiUra="101" who="1" fromWho="1" sc="414,-20,99,70,408,-20,69,-20" /><INIT seed="5,1,0,3,1,66" ten="394,169,388,49" oya="1" hai0="130,2,57,62,126,135,9,134,52,11,70,63,97" hai1="80,102,53,31,112,24,25,41,92,3,106,82,40" hai2="108,4,96,83,21,49,38,67,50,14,115,46,103" hai3="119,104,12,98,77,86,61,42,45,58,20,54,124"/><U15/><E106/><V79/><F108/><W128/><G128/><T56/><D130/><U7/><E3/><V43/><F115/><W74/><G74/><T122/><D122/><U78/><E112/><V107/><F67/><W51/><G119/><T44/><D126/><U105/><E105/><V94/><F107/><W100/><G124/><T71/><D97/><U48/><E25/><V16/><F4/><W125/><G125/><T120/><D120/><U26/><E26/><V6/><REACH who="2" step="1"/><F6/><REACH who="2" ten="394,169,378,49" step="2"/><W89/><G77/><T84/><D2/><U117/><E7/><V68/><F68/><N who="0" m="26154" /><D84/><AGARI ba="1,1" hai="14,16,21,38,43,46,49,50,79,83,84,94,96,103" machi="84" ten="30,3900,0" yaku="1,1,7,1,54,1,53,0" doraHai="66" doraHaiUra="27" who="2" fromWho="0" sc="394,-42,169,0,378,52,49,0" /><INIT seed="6,0,0,3,3,122" ten="352,169,430,49" oya="2" hai0="133,12,77,17,102,81,128,134,63,42,86,56,3" hai1="91,48,120,31,13,45,14,105,89,80,27,16,7" hai2="116,41,106,29,95,132,98,109,108,52,74,25,131" hai3="51,99,54,73,112,50,90,87,110,125,129,113,101"/><V44/><F116/><W34/><G34/><T62/><D3/><U64/><E105/><V70/><F106/><W76/><G110/><N who="2" m="42601" /><F70/><W127/><G54/><T47/><D128/><U43/><E120/><V0/><F74/><W103/><G50/><T46/><D102/><N who="3" m="38921" /><G51/><T123/><D123/><U69/><E80/><V59/><F0/><W2/><G2/><T22/><D62/><U114/><E114/><N who="3" m="44138" /><G129/><T33/><D33/><U18/><E7/><V37/><F131/><W19/><G19/><T72/><D72/><U21/><E64/><V83/><F83/><N who="3" m="45455" /><G99/><T82/><D82/><AGARI ba="0,0" hai="82,87,90,125,127" m="45455,44138,38921" machi="82" ten="30,7700,0" yaku="15,1,11,1,34,2" doraHai="122" who="3" fromWho="0" sc="352,-77,169,0,430,0,49,77" /><INIT seed="7,0,0,1,5,102" ten="275,169,430,126" oya="3" hai0="130,94,120,126,95,115,75,100,44,133,73,85,3" hai1="68,31,117,64,24,20,82,30,113,9,90,93,124" hai2="88,29,123,122,78,0,61,4,33,10,54,34,60" hai3="79,77,32,106,22,87,12,41,52,7,48,116,8"/><W89/><G116/><T25/><D25/><U57/><E117/><V37/><F37/><W80/><G32/><T70/><D44/><U66/><E31/><V36/><F36/><W49/><G106/><T135/><D70/><U76/><E68/><V21/><F78/><N who="3" m="29707" /><G22/><T129/><D3/><U91/><E124/><V110/><F110/><W11/><G11/><T128/><D120/><N who="2" m="46122" /><F54/><W56/><G41/><T47/><D47/><U23/><E113/><V92/><F21/><W109/><G109/><T42/><D42/><U38/><E38/><V65/><F29/><W35/><G35/><N who="2" m="13321" /><F65/><W111/><G111/><T98/><D115/><U119/><E119/><V51/><F51/><AGARI ba="0,0" hai="7,8,12,48,49,51,52,56,80,87,89" m="29707" machi="51" ten="30,2900,0" yaku="8,1,54,1" doraHai="102" who="3" fromWho="2" sc="275,0,169,0,430,-29,126,29" /><INIT seed="7,1,0,4,0,116" ten="275,169,401,155" oya="3" hai0="54,117,71,111,33,62,125,37,99,130,20,132,56" hai1="91,24,16,77,41,9,129,8,17,5,95,64,135" hai2="11,119,110,36,1,106,108,133,29,31,131,26,83" hai3="70,126,48,60,86,72,98,128,55,90,0,19,6"/><W12/><G72/><T127/><D20/><U104/><E104/><V38/><F106/><W113/><G98/><T121/><D99/><U30/><E129/><V23/><F119/><W81/><G0/><T118/><D54/><U57/><E135/><V94/><F133/><W28/><G6/><T7/><D56/><U120/><E120/><V88/><F83/><W50/><G28/><T102/><D62/><U13/><E41/><V34/><F131/><W22/><G128/><T109/><D102/><U107/><E77/><V85/><F34/><W66/><G113/><T92/><D92/><U105/><E17/><V73/><F73/><W69/><G126/><T100/><D100/><U124/><E124/><V47/><F47/><W112/><G112/><T74/><D7/><U3/><E57/><V35/><F11/><W21/><G21/><T101/><D101/><U97/><E64/><V18/><F1/><W123/><G123/><T40/><D40/><U4/><E4/><V14/><REACH who="2" step="1"/><F31/><REACH who="2" ten="275,169,391,155" step="2"/><W63/><REACH who="3" step="1"/><G55/><REACH who="3" ten="275,169,391,145" step="2"/><T58/><D118/><U75/><E75/><V32/><F32/><AGARI ba="1,2" hai="3,5,8,9,13,16,24,30,32,91,95,97,105,107" machi="32" ten="30,2000,0" yaku="7,1,54,1" doraHai="116" who="1" fromWho="2" sc="275,0,169,43,391,-23,145,0" owari="275,8,212,-19,368,46,145,-35" /></mjloggm>