<mjloggm ver="2.3"><GO type="137" lobby="0"/><UN n0="%41%2E%48%2E" n1="%41%49%31%30%32" n2="%6B%61%72%69" n3="%E7%95%99%E8%90%8C" dan="12,10,11,12" rate="1658.61,1658.48,1749.78,1751.59" sx="F,M,M,M"/><TAIKYOKU oya="0"/><INIT seed="0,0,0,0,0,21" ten="250,250,250,250" oya="0" hai0="41,116,84,105,38,121,78,50,122,45,96,52,126" hai1="71,118,46,56,28,103,65,77,106,31,132,135,0" hai2="94,107,117,133,119,4,61,27,18,47,100,113,110" hai3="134,62,108,53,130,39,49,109,91,36,92,69,11"/><T25/><D116/><U7/><E118/><V115/><F107/><W90/><G69/><T128/><D128/><U64/><E77/><V66/><F110/><N who="3" m="42603" /><G62/><T67/><D126/><U14/><E0/><V74/><F133/><N who="1" m="51273" /><E71/><V76/><F74/><W73/><G134/><T87/><D67/><N who="1" m="25675" /><E106/><V6/><F76/><W3/><G73/><T79/><D79/><U26/><E103/><V20/><F47/><N who="3" m="27839" /><G130/><T29/><D122/><U125/><E125/><V34/><F34/><W22/><G22/><T44/><D121/><U55/><E46/><V98/><F119/><W15/><G3/><T114/><D114/><U48/><E26/><V99/><F117/><W12/><G92/><T51/><D38/><N who="3" m="14377" /><G15/><T60/><D60/><U83/><E83/><V32/><F32/><W2/><G2/><T70/><D70/><U93/><E93/><V5/><REACH who="2" step="1"/><F99/><REACH who="2" ten="250,250,240,250" step="2"/><W104/><G104/><T124/><D124/><U57/><E57/><AGARI ba="0,1" hai="4,5,6,18,20,27,57,61,66,94,98,100,113,115" machi="57" ten="40,5200,0" yaku="1,1,2,1,52,1,53,0" doraHai="21" doraHaiUra="75" who="2" fromWho="1" sc="250,0,250,-52,240,62,250,0" /><INIT seed="1,0,0,0,3,36" ten="250,198,302,250" oya="1" hai0="125,33,85,107,18,23,43,113,62,0,64,68,99" hai1="132,40,29,117,106,92,8,88,25,34,30,134,91" hai2="120,66,90,31,121,126,123,4,79,103,57,122,133" hai3="50,1,65,54,52,105,110,127,111,83,42,77,13"/><U116/><E106/><V135/><F79/><W15/><G1/><T48/><D113/><U112/><E112/><V98/><F4/><W28/><G105/><T97/><D125/><U128/><E30/><V16/><F31/><W37/><G65/><T124/><D124/><U32/><E32/><V82/><F126/><W55/><G127/><T86/><D33/><U58/><E128/><V71/><F71/><W119/><G28/><T89/><D0/><U101/><E101/><V6/><F6/><W80/><G119/><T84/><D107/><U5/><E58/><V95/><F66/><W75/><G83/><T104/><D104/><U63/><E63/><V51/><F57/><W73/><G73/><T3/><D3/><U45/><E116/><V109/><F51/><W72/><G72/><T76/><D76/><U10/><E117/><V56/><F56/><W17/><G37/><T26/><REACH who="0" step="1"/><D89/><REACH who="0" ten="240,198,302,250" step="2"/><U41/><E10/><V69/><F123/><W78/><G78/><T115/><D115/><U131/><E91/><V19/><F122/><W100/><G100/><T12/><D12/><U93/><E131/><V39/><F103/><W20/><G13/><T61/><D61/><U21/><E34/><V130/><F130/><W59/><REACH who="3" step="1"/><G59/><REACH who="3" ten="240,198,302,240" step="2"/><T81/><D81/><U118/><E118/><V70/><F82/><W11/><G11/><T96/><D96/><U49/><E132/><V87/><F98/><W7/><G7/><T60/><D60/><U114/><E114/><V38/><F90/><W47/><AGARI ba="0,2" hai="15,17,20,42,47,50,52,54,55,75,77,80,110,111" machi="47" ten="30,8000,1" yaku="1,1,0,1,52,1,54,1,53,1" doraHai="36" doraHaiUra="46" who="3" fromWho="3" sc="240,-20,198,-40,302,-20,240,100" /><INIT seed="2,0,0,3,2,34" ten="220,158,282,340" oya="2" hai0="56,67,45,11,15,77,91,116,37,72,71,120,49" hai1="115,127,135,19,131,106,12,65,50,123,16,23,73" hai2="29,48,110,89,58,43,102,39,62,129,24,22,93" hai3="78,27,47,32,114,61,4,70,99,13,8,113,33"/><V69/><F102/><W9/><G78/><T76/><D120/><U87/><E73/><V86/><F110/><W17/><G47/><T95/><D116/><U92/><E106/><V90/><F129/><W119/><G99/><T117/><D117/><U46/><E115/><N who="3" m="44042" /><G119/><T28/><D71/><U64/><E127/><V10/><F39/><W5/><G70/><T44/><D28/><U97/><E131/><V101/><F69/><W96/><G96/><N who="0" m="57471" /><D72/><U60/><E135/><V82/><F48/><W53/><G61/><N who="0" m="38311" /><D37/><U18/><E123/><V30/><F10/><N who="3" m="4203" /><G53/><N who="0" m="29863" /><D45/><U38/><E38/><V124/><F124/><W66/><G66/><T84/><D84/><U42/><E87/><V94/><F43/><W112/><N who="3" m="44050" /><W122/><DORA hai="31" /><G122/><T107/><D107/><U130/><E130/><V3/><F82/><W108/><G108/><T81/><D81/><U134/><E134/><V118/><F118/><W83/><G83/><T26/><D77/><U41/><E41/><V74/><F74/><W125/><G125/><T104/><D104/><U111/><E111/><V1/><F101/><W2/><G2/><T133/><D133/><U63/><E64/><V59/><F58/><W126/><G126/><T14/><D76/><U132/><E132/><V57/><F57/><W105/><G105/><T80/><D80/><U75/><E75/><V88/><F88/><W109/><G109/><T7/><D11/><U79/><E79/><V20/><F86/><W55/><G55/><T21/><D7/><N who="3" m="2633" /><G27/><T25/><D25/><U51/><E65/><V68/><F68/><W98/><G98/><RYUUKYOKU ba="0,0" sc="220,15,158,-15,282,-15,340,15" hai0="14,15,21,26" hai3="13,17,32,33" /><INIT seed="3,1,0,1,4,128" ten="235,143,267,355" oya="3" hai0="48,133,45,7,3,61,103,106,62,86,121,40,28" hai1="68,12,66,60,107,113,104,93,112,63,32,72,91" hai2="111,41,95,129,35,11,13,50,23,5,46,135,36" hai3="49,81,90,19,85,105,51,78,75,97,98,124,4"/><W109/><G4/><T9/><D121/><U125/><E32/><V74/><F129/><W44/><G19/><T38/><D133/><U94/><E72/><V20/><F74/><W89/><G109/><T22/><D38/><U31/><E31/><V37/><F35/><W110/><G110/><T82/><D28/><U116/><E112/><V14/><F111/><W47/><G124/><T2/><D22/><U24/><E113/><V92/><F5/><W8/><G8/><T100/><D2/><U77/><E77/><V16/><F50/><N who="3" m="18955" /><G75/><T34/><D34/><U67/><E24/><V122/><F46/><N who="3" m="17451" /><G105/><T64/><D106/><U88/><E116/><V87/><F41/><W57/><G57/><T54/><D40/><U80/><E125/><V130/><F130/><W117/><G117/><T18/><D18/><U52/><E80/><V79/><F11/><W70/><G70/><T118/><D118/><U115/><E115/><V126/><F126/><W53/><G53/><T96/><D3/><U134/><E134/><V0/><F87/><W39/><G39/><T83/><D7/><U25/><E25/><V127/><F127/><W15/><G15/><T132/><D132/><U120/><E52/><V30/><F135/><W119/><G119/><T99/><D9/><U33/><E33/><V84/><F84/><W102/><G102/><N who="0" m="38955" /><D86/><U43/><E12/><V26/><F37/><W73/><G73/><T108/><D108/><U58/><E43/><V55/><F36/><W65/><G65/><T59/><D62/><U71/><E120/><V6/><F122/><W42/><G42/><RYUUKYOKU ba="1,0" sc="235,10,143,10,267,-30,355,10" hai0="45,48,54,59,61,64,82,83,96,99" hai1="58,60,63,66,67,68,71,88,91,93,94,104,107" hai3="78,81,85,89,90,97,98" /><BYE who="0" /><INIT seed="3,2,0,1,1,67" ten="245,153,237,365" oya="3" hai0="46,100,102,75,4,112,83,65,79,6,101,19,108" hai1="14,47,64,125,0,63,128,85,129,53,58,73,35" hai2="5,81,48,61,39,69,71,78,131,86,18,22,103" hai3="113,89,33,96,76,132,43,45,25,92,116,120,121"/><W70/><G33/><T124/><D124/><U7/><E0/><V133/><F39/><W134/><G116/><T95/><D95/><U62/><E35/><V37/><F37/><W117/><G117/><T24/><D24/><U110/><E73/><V114/><F114/><W57/><G25/><T31/><D31/><U107/><E107/><V66/><F5/><W11/><G113/><T3/><D3/><U20/><E125/><V98/><F48/><W94/><G70/><T40/><D40/><U30/><E110/><V84/><F86/><N who="3" m="52279" /><G57/><T12/><D12/><U15/><E7/><V56/><F133/><N who="3" m="51307" /><G11/><T59/><D59/><U111/><E111/><V109/><F109/><W51/><G76/><T130/><D130/><N who="1" m="50283" /><E85/><V60/><F61/><W44/><G44/><T135/><D135/><U23/><E47/><V91/><F78/><W80/><G80/><T34/><D34/><U38/><E38/><V118/><F118/><W122/><G122/><T1/><D1/><U54/><E54/><V106/><REACH who="2" step="1"/><F131/><REACH who="2" ten="245,153,227,365" step="2"/><W36/><G36/><T77/><D77/><U10/><E30/><V90/><F90/><AGARI ba="2,1" hai="43,45,51,90,94,96,120,121" m="51307,52279" machi="90" ten="30,1500,0" yaku="20,1" doraHai="67" who="3" fromWho="2" sc="245,0,153,0,227,-21,365,31" /><INIT seed="3,3,0,1,4,44" ten="245,153,206,396" oya="3" hai0="73,129,93,67,88,75,94,117,123,86,87,113,109" hai1="70,35,101,91,133,57,26,82,122,118,9,124,13" hai2="116,41,127,1,54,31,126,23,47,85,15,19,108" hai3="55,42,40,98,51,22,103,30,58,131,33,135,60"/><W32/><G131/><T72/><D72/><U120/><E70/><V81/><F116/><W105/><G135/><T61/><D61/><U77/><E101/><V69/><F108/><W0/><G0/><T64/><D64/><U97/><E133/><V36/><F1/><W14/><G14/><T17/><D17/><U79/><E124/><V114/><F114/><W100/><G100/><T10/><D10/><U59/><E118/><V68/><F31/><W107/><G22/><T6/><D6/><U49/><E120/><V3/><F3/><W38/><G30/><T106/><D106/><U4/><E122/><V102/><F102/><W90/><G32/><T83/><D83/><U39/><E39/><V8/><F8/><W18/><G18/><T121/><D121/><U16/><E77/><V104/><F104/><W29/><G33/><T89/><D89/><U84/><E49/><V24/><F24/><W11/><G29/><T95/><D95/><N who="1" m="56575" /><E35/><V115/><F115/><W111/><G11/><T5/><D5/><U76/><E76/><V27/><F27/><W52/><G111/><T28/><D28/><U53/><E53/><V45/><F54/><W34/><G34/><T48/><D48/><U128/><E128/><V112/><F112/><W71/><G90/><T2/><D2/><U130/><E130/><V56/><F56/><N who="3" m="32799" /><G107/><T37/><D37/><U50/><E50/><V119/><F119/><W46/><G42/><T80/><D80/><U74/><E74/><V66/><F126/><W78/><G78/><T96/><D96/><U62/><E62/><V132/><F127/><RYUUKYOKU ba="3,0" sc="245,-15,153,15,206,-15,396,15" hai1="4,9,13,16,26,57,59,79,82,84" hai3="38,40,46,55,58,60,71,98,103,105" /><INIT seed="3,4,0,2,3,39" ten="230,168,191,411" oya="3" hai0="49,19,93,47,23,11,59,1,43,26,72,87,71" hai1="109,96,57,101,60,20,82,50,126,58,123,108,18" hai2="78,120,110,63,97,30,54,53,67,40,70,37,51" hai3="36,103,127,0,73,115,28,122,98,133,107,45,3"/><W113/><G73/><T130/><D130/><U7/><E123/><V42/><F30/><W88/><G28/><T41/><D41/><U112/><E112/><N who="3" m="43082" /><G88/><T25/><D25/><U13/><E126/><V38/><F78/><W29/><G29/><T15/><D15/><U65/><E82/><V24/><F24/><W9/><G122/><T125/><D125/><U128/><E128/><V62/><F97/><W81/><G81/><T14/><D14/><U129/><E129/><V6/><F6/><N who="3" m="1223" /><G3/><T46/><D46/><U68/><E50/><V85/><F85/><W2/><G2/><T121/><D121/><U106/><REACH who="1" step="1"/><E7/><REACH who="1" ten="230,158,191,411" step="2"/><V117/><F120/><W131/><G127/><T111/><D111/><AGARI ba="4,1" hai="13,18,20,57,58,60,65,68,96,101,106,108,109,111" machi="111" ten="40,5200,0" yaku="1,1,2,1,14,1,53,0" doraHai="39" doraHaiUra="114" who="1" fromWho="0" sc="230,-64,158,74,191,0,411,0" /><INIT seed="4,0,0,3,1,62" ten="166,232,191,411" oya="0" hai0="106,59,101,50,119,84,8,94,25,115,112,85,12" hai1="71,81,11,24,18,133,20,28,35,99,98,70,93" hai2="67,69,122,127,45,55,125,44,53,90,49,23,129" hai3="114,30,19,36,63,27,60,65,79,73,52,104,75"/><T130/><D130/><U135/><E81/><V37/><F129/><W72/><G104/><T57/><D57/><U66/><E11/><V13/><F122/><W48/><G36/><T22/><D22/><U95/><E98/><V14/><F37/><W110/><G110/><T120/><D120/><U47/><E47/><V32/><F32/><W128/><G79/><T111/><D111/><U103/><E93/><V15/><F90/><W89/><G89/><T78/><D78/><U1/><E1/><V132/><F132/><N who="1" m="50761" /><E66/><V105/><F105/><W126/><G128/><T97/><D97/><U123/><E123/><V2/><F2/><W131/><G131/><T100/><D100/><U107/><E107/><V109/><F109/><W87/><G87/><T82/><D82/><U46/><E46/><V58/><F69/><W77/><G77/><T76/><D76/><U108/><E108/><V83/><F83/><W6/><G6/><T80/><D80/><U34/><E34/><V26/><F26/><AGARI ba="0,0" hai="18,20,24,26,28,35,70,71,95,99,103" m="50761" machi="26" ten="30,1000,0" yaku="20,1" doraHai="62" who="1" fromWho="2" sc="166,0,232,10,191,-10,411,0" /><INIT seed="5,0,0,2,5,95" ten="166,242,181,411" oya="1" hai0="116,51,103,109,56,62,94,28,9,135,65,18,106" hai1="39,104,120,83,1,57,110,5,88,27,58,80,7" hai2="134,8,19,131,21,3,63,90,86,44,133,6,87" hai3="130,24,114,50,10,85,108,119,25,47,102,42,129"/><U91/><E120/><V112/><F131/><N who="3" m="50187" /><G108/><T77/><D77/><U52/><E39/><V45/><F63/><W32/><G10/><T107/><D107/><U92/><E104/><V49/><F45/><W4/><G4/><N who="1" m="1610" /><E1/><V73/><F87/><W97/><G119/><T38/><D38/><U132/><E132/><V48/><F73/><W55/><G114/><T127/><D127/><U15/><E27/><N who="3" m="10314" /><G32/><T71/><D71/><U14/><E110/><V41/><F133/><W111/><G85/><T40/><D40/><U122/><E122/><V59/><F134/><W101/><G111/><T123/><D123/><U67/><E67/><V16/><F112/><W35/><G35/><T37/><D37/><U26/><E26/><V75/><F75/><W12/><G12/><N who="1" m="4650" /><E58/><V33/><F21/><W53/><G101/><T36/><D36/><U61/><E91/><V124/><F33/><W115/><G115/><T66/><D66/><U17/><E17/><V118/><F118/><W74/><G74/><T125/><D125/><U126/><E126/><V31/><F31/><W30/><G30/><T11/><D11/><U20/><E20/><V29/><F29/><W96/><G96/><AGARI ba="0,0" hai="52,57,61,80,83,88,92,96" m="4650,1610" machi="96" ten="30,11600,0" yaku="8,1,52,1,54,2" doraHai="95" who="1" fromWho="3" sc="166,0,242,116,181,0,411,-116" /><INIT seed="5,1,0,2,3,39" ten="166,358,181,295" oya="1" hai0="3,48,69,47,119,49,5,105,118,100,129,86,23" hai1="68,25,110,95,97,108,12,115,98,29,51,82,58" hai2="72,91,63,114,78,74,40,60,104,46,127,31,0" hai3="7,134,96,44,67,20,120,52,94,92,107,56,28"/><U15/><E68/><V50/><F0/><W32/><G120/><T89/><D89/><U66/><E115/><V27/><F104/><W80/><G7/><T8/><D8/><U83/><E98/><V22/><F127/><W75/><G32/><T109/><D109/><N who="1" m="42091" /><E66/><V93/><F114/><W76/><G28/><T61/><D61/><U132/><E132/><V113/><F113/><W85/><G20/><T128/><D128/><U125/><E125/><V84/><REACH who="2" step="1"/><F74/><REACH who="2" ten="166,358,171,295" step="2"/><W87/><G134/><T121/><D121/><U64/><E12/><V38/><F38/><W77/><G107/><T18/><D18/><U116/><E15/><V102/><F102/><N who="3" m="60679" /><G75/><T133/><D133/><U112/><E112/><V36/><F36/><W16/><G67/><T42/><D42/><U35/><E64/><V130/><F130/><W13/><G44/><T55/><D55/><N who="1" m="32127" /><E116/><V19/><F19/><W101/><G101/><AGARI ba="1,1" hai="25,29,35,82,83,95,97,101" m="32127,42091" machi="101" ten="30,1500,0" yaku="10,1" doraHai="39" who="1" fromWho="3" sc="166,0,358,28,171,0,295,-18" /><INIT seed="5,2,0,1,1,117" ten="166,386,171,277" oya="1" hai0="6,120,37,66,53,4,31,43,100,103,77,135,130" hai1="56,60,73,112,42,16,46,12,8,50,44,45,75" hai2="65,74,93,69,91,64,87,123,3,70,51,29,94" hai3="35,57,133,115,114,20,106,58,72,99,11,38,30"/><U86/><E112/><N who="3" m="43050" /><G72/><T121/><D121/><U41/><E73/><V67/><F3/><W40/><G133/><T131/><D131/><U19/><E75/><V128/><F74/><W89/><G35/><T33/><D33/><U61/><E19/><V52/><F128/><W104/><G11/><T34/><D34/><U23/><E42/><V76/><F29/><W55/><G38/><T62/><D62/><U68/><E68/><V2/><F2/><W105/><G40/><T109/><D109/><U125/><E125/><V124/><F124/><W88/><G30/><T129/><D129/><U126/><E126/><V59/><F76/><W119/><G20/><T25/><D25/><U92/><E61/><V80/><REACH who="2" step="1"/><F123/><REACH who="2" ten="166,386,161,277" step="2"/><W10/><G119/><T32/><D32/><U54/><E8/><V63/><F63/><N who="3" m="36287" /><G10/><T96/><D96/><U18/><E18/><V39/><F39/><W111/><G111/><T13/><D13/><U110/><E110/><V83/><F83/><W102/><G58/><T48/><D48/><U24/><E24/><V118/><F118/><W27/><G27/><T79/><D79/><U0/><E0/><V49/><F49/><W17/><G17/><T127/><D127/><U5/><E5/><V90/><F90/><AGARI ba="2,1" hai="88,89,90,99,102,104,105,106" m="36287,43050" machi="90" ten="30,2000,0" yaku="15,1,54,1" doraHai="117" who="3" fromWho="2" sc="166,0,386,0,161,-26,277,36" /><AGARI ba="2,0" hai="12,16,23,41,44,45,46,50,54,56,60,86,90,92" machi="90" ten="40,3900,0" yaku="8,1,54,1" doraHai="117" who="1" fromWho="2" sc="166,0,386,39,135,-39,313,0" /><INIT seed="5,3,0,0,4,81" ten="166,425,96,313" oya="1" hai0="116,34,105,69,60,132,10,33,9,79,53,80,16" hai1="88,112,73,5,89,20,7,23,37,125,114,106,44" hai2="58,99,123,70,128,110,41,2,42,19,12,104,6" hai3="65,74,13,14,29,54,62,115,63,109,134,78,113"/><U90/><E106/><V92/><F70/><W18/><G109/><T17/><D17/><U82/><E125/><V117/><F104/><W50/><G29/><T57/><D57/><U36/><E73/><V95/><F117/><W120/><G120/><T85/><D85/><U107/><E107/><V35/><F123/><W59/><G134/><T47/><D47/><U77/><E44/><V3/><F110/><W75/><G78/><T122/><D122/><U126/><E126/><V48/><F128/><W119/><G119/><T15/><D15/><N who="3" m="5641" /><G18/><T86/><D86/><N who="1" m="48463" /><E23/><V98/><F35/><W24/><G24/><T4/><D4/><N who="1" m="1611" /><E20/><V84/><F6/><W71/><G63/><T129/><D129/><U11/><E11/><V51/><F12/><W49/><G49/><T93/><D93/><U67/><E67/><V68/><F19/><W72/><G71/><T21/><D21/><U55/><E55/><V91/><F68/><W56/><G65/><T38/><D38/><U111/><E111/><V8/><F8/><W61/><G59/><T40/><D40/><U1/><E1/><V25/><F25/><W64/><G64/><T39/><D39/><U32/><E32/><V66/><F66/><W31/><G31/><T30/><D30/><U26/><E26/><V94/><F58/><W97/><G97/><T96/><D96/><U52/><E52/><V131/><F131/><W22/><G22/><T103/><D103/><U46/><E46/><V100/><F100/><W27/><G27/><T130/><D130/><U127/><E127/><V118/><F118/><W83/><G83/><RYUUKYOKU ba="3,0" sc="166,-15,425,15,96,-15,313,15" hai1="36,37,88,89,90,112,114" hai3="50,54,56,61,62,72,74,75,113,115" /><INIT seed="5,4,0,4,4,48" ten="151,440,81,328" oya="1" hai0="11,125,121,119,30,130,113,25,5,7,6,27,103" hai1="12,41,124,98,73,80,3,105,54,88,76,82,47" hai2="28,15,57,78,18,70,61,1,120,21,59,17,2" hai3="86,45,72,87,128,81,34,85,94,19,83,101,131"/><U115/><E3/><V96/><F70/><W53/><G34/><T23/><D23/><U91/><E115/><V110/><F78/><W0/><G0/><T38/><D38/><U35/><E35/><V117/><F110/><W65/><G65/><T63/><D63/><U75/><E124/><V37/><F117/><W127/><G127/><T52/><D52/><U56/><E12/><V109/><F109/><W33/><G33/><T26/><D26/><U69/><E69/><V104/><F37/><W66/><G66/><T123/><D123/><U133/><E133/><V43/><F104/><W112/><G19/><T95/><D95/><U106/><E73/><V13/><F96/><W118/><G45/><T36/><D36/><U14/><E14/><V46/><F120/><W16/><G16/><T31/><D31/><U71/><E71/><V74/><F74/><W39/><G53/><T8/><D8/><U122/><E122/><V111/><F111/><W44/><G39/><T50/><D50/><U20/><E20/><V102/><F102/><W92/><G44/><T77/><D77/><U60/><E91/><V55/><F28/><W29/><G29/><T49/><D49/><N who="1" m="26863" /><E82/><N who="3" m="31242" /><G112/><T108/><D108/><U64/><E64/><V132/><F132/><W93/><G118/><T90/><D90/><U9/><E9/><N who="2" m="6319" /><F59/><W68/><G68/><T97/><D97/><U129/><E129/><N who="3" m="49738" /><G72/><T107/><D107/><U10/><E10/><V67/><F67/><W32/><G32/><T84/><D84/><N who="3" m="21505" /><W114/><DORA hai="100" /><G114/><T89/><D89/><U79/><E79/><V135/><F135/><RYUUKYOKU ba="4,0" sc="151,-30,440,10,81,10,328,10" hai1="54,56,60,75,76,80,88,98,105,106" hai2="1,2,15,18,21,43,46,55,57,61" hai3="92,93,94,101" /><INIT seed="5,5,0,2,1,103" ten="121,450,91,338" oya="1" hai0="90,85,108,116,7,110,120,94,30,36,119,80,106" hai1="107,112,117,92,69,133,102,96,49,10,63,93,88" hai2="99,40,37,101,50,62,54,5,95,126,104,109,15" hai3="12,77,115,122,98,42,23,97,43,87,47,60,32"/><U8/><E117/><V58/><F109/><W68/><G32/><T59/><D59/><U72/><E72/><V74/><F74/><W33/><G33/><T66/><D66/><U20/><E133/><V135/><F135/><W6/><G122/><T100/><D100/><U91/><E112/><V118/><F118/><W84/><G115/><T61/><D61/><U29/><E69/><V3/><F3/><W73/><G68/><T121/><D121/><U79/><E79/><V81/><F37/><W83/><G60/><T19/><D19/><U125/><E63/><V25/><F25/><W124/><G124/><T127/><D127/><U130/><E125/><V39/><F39/><W128/><G128/><T55/><D55/><U123/><E123/><V2/><F2/><W18/><G6/><T78/><D78/><U34/><E34/><V14/><F81/><W132/><G132/><T13/><D13/><U56/><E130/><V75/><F75/><W4/><G4/><T11/><D11/><N who="1" m="4139" /><E107/><V17/><F5/><W105/><G105/><T0/><D0/><U134/><E92/><V38/><F38/><W46/><G43/><T31/><D31/><U26/><E134/><V52/><F40/><W16/><G18/><T41/><D41/><U86/><E86/><N who="3" m="32810" /><G42/><T28/><D28/><U67/><E67/><V27/><F95/><W113/><G113/><T22/><D22/><U24/><E24/><V45/><REACH who="2" step="1"/><F126/><REACH who="2" ten="121,450,81,338" step="2"/><W1/><G1/><T35/><D35/><U114/><E114/><V57/><F57/><W51/><G51/><T89/><D89/><U64/><E64/><RYUUKYOKU ba="5,1" sc="121,-30,450,10,81,10,338,10" hai1="20,26,29,49,56,88,91,93,96,102" hai2="14,15,17,27,45,50,52,54,58,62,99,101,104" hai3="12,16,23,46,47,73,77,83,97,98" /><INIT seed="5,6,1,5,5,75" ten="91,460,91,348" oya="1" hai0="108,85,50,49,70,134,27,54,1,6,86,135,103" hai1="62,73,43,20,72,120,64,36,33,8,87,129,132" hai2="56,69,126,74,15,40,94,67,133,68,44,21,37" hai3="16,131,7,57,91,61,79,55,11,119,41,93,59"/><U116/><E116/><V35/><F35/><W5/><G119/><T0/><D0/><U123/><E20/><V118/><F118/><W3/><G79/><T24/><D24/><U2/><E87/><V89/><F74/><N who="1" m="28777" /><E33/><V83/><F83/><W114/><G41/><T124/><D124/><U102/><E102/><V52/><F67/><W81/><G81/><T34/><D34/><U92/><E92/><V46/><F46/><W14/><G114/><T109/><D109/><U107/><E107/><V66/><F66/><N who="3" m="39215" /><G131/><T115/><D115/><U42/><E42/><V98/><F126/><W125/><G125/><T51/><D51/><U76/><E76/><V106/><F106/><W39/><G39/><T9/><D9/><U112/><E112/><V122/><F122/><W10/><G3/><T26/><D26/><U65/><E65/><V113/><F113/><W25/><G25/><T97/><D97/><U13/><E129/><V53/><F133/><W90/><G10/><T101/><D101/><U45/><E13/><V12/><F53/><W47/><G47/><T30/><D30/><U105/><E105/><V99/><F99/><N who="3" m="57783" /><G91/><T130/><D130/><U88/><E88/><V104/><F104/><W32/><G32/><T22/><D22/><U128/><E128/><V18/><REACH who="2" step="1"/><F15/><REACH who="2" ten="91,460,81,348" step="2"/><W71/><G71/><T31/><D31/><U58/><E132/><V60/><AGARI ba="6,2" hai="12,18,21,37,40,44,52,56,60,68,69,89,94,98" machi="60" ten="20,12000,2" yaku="1,1,2,1,0,1,7,1,54,1,53,1" doraHai="75" doraHaiUra="38" who="2" fromWho="2" sc="91,-36,460,-66,81,158,348,-36" /><INIT seed="6,0,0,4,0,33" ten="55,394,239,312" oya="2" hai0="71,124,20,123,9,109,8,37,32,133,25,52,11" hai1="50,121,67,126,56,128,111,131,104,17,119,83,10" hai2="72,88,101,134,16,36,87,65,1,100,70,26,6" hai3="38,94,85,84,19,125,110,45,97,63,58,29,96"/><V120/><F36/><W28/><G110/><T5/><D5/><U35/><E83/><V61/><F72/><W4/><G4/><T95/><D95/><U51/><E67/><V7/><F134/><W89/><G125/><T48/><D48/><U115/><E56/><V77/><F77/><W40/><G19/><T112/><D112/><U113/><E51/><V55/><F120/><W116/><G116/><T78/><D78/><U106/><E50/><V107/><F107/><W130/><G130/><T53/><D53/><U62/><E62/><V122/><F122/><W93/><G28/><T22/><D22/><U41/><E17/><V2/><F7/><W13/><G29/><T47/><D47/><U59/><E59/><V42/><F42/><W39/><G13/><T76/><D76/><U46/><E10/><V129/><F129/><W69/><G69/><T15/><D15/><U0/><E46/><V86/><F6/><W132/><G132/><T102/><D102/><U60/><E60/><V98/><F87/><W135/><G135/><T54/><D54/><U14/><E14/><V34/><F55/><W21/><G21/><T80/><D80/><U68/><E41/><V12/><F34/><W127/><G127/><T90/><D90/><U74/><E104/><N who="2" m="63511" /><F26/><W23/><G23/><T81/><D81/><U57/><E57/><V64/><F101/><N who="3" m="60559" /><G38/><T30/><D30/><U24/><E24/><V82/><F65/><W44/><G44/><T114/><D114/><U99/><E99/><V79/><F79/><W73/><G73/><T3/><D3/><U103/><E103/><RYUUKYOKU ba="0,0" sc="55,-15,394,-15,239,15,312,15" hai2="1,2,12,16,61,64,70,82,86,88" hai3="39,40,45,58,63,84,85,89,94,97" /><INIT seed="6,1,0,0,4,30" ten="40,379,254,327" oya="2" hai0="96,1,45,84,108,24,11,60,44,12,104,82,76" hai1="7,135,88,133,85,29,101,56,113,78,55,100,19" hai2="109,16,49,69,128,120,57,47,86,79,41,0,71" hai3="122,2,40,112,28,14,62,124,21,42,9,97,89"/><V37/><F0/><W114/><G122/><T33/><D33/><U132/><E7/><V31/><F120/><W52/><G2/><T91/><D91/><U98/><E29/><V27/><F128/><W131/><G131/><T105/><D105/><U46/><E113/><N who="3" m="43626" /><G124/><T18/><D18/><U95/><E46/><V121/><F121/><W123/><G123/><T90/><D90/><U74/><E74/><V115/><F115/><W22/><G42/><T102/><D102/><U134/><E134/><V130/><F130/><W107/><G40/><T58/><D58/><U94/><E78/><V129/><F129/><W15/><G107/><T75/><D75/><U111/><E111/><V6/><F6/><N who="3" m="3383" /><G97/><T48/><D48/><N who="1" m="30823" /><E19/><V63/><F49/><W83/><G28/><T77/><D77/><U20/><E20/><N who="3" m="7786" /><G15/><T32/><D32/><U4/><E4/><V118/><F118/><W127/><G127/><T70/><D70/><U36/><E36/><V50/><F50/><W61/><G52/><T64/><D64/><U92/><E92/><V117/><F117/><W53/><G53/><T10/><D10/><U68/><E68/><V59/><F57/><W73/><G73/><T81/><D81/><U103/><AGARI ba="1,0" hai="85,88,94,95,98,100,101,103,132,133,135" m="30823" machi="103" ten="40,2700,0" yaku="20,1,54,1" doraHai="30" who="1" fromWho="1" sc="40,-8,379,30,254,-14,327,-8" /><INIT seed="7,0,0,2,4,73" ten="32,409,240,319" oya="3" hai0="84,33,17,105,72,49,122,113,120,125,92,21,102" hai1="42,119,98,91,128,38,44,57,66,20,7,75,80" hai2="100,25,115,118,81,108,24,22,27,18,90,114,124" hai3="34,126,39,74,19,82,110,43,8,79,134,46,41"/><W93/><G34/><T62/><D62/><U68/><E68/><V111/><F118/><W2/><G43/><T132/><D132/><U30/><E119/><V6/><F100/><W48/><G48/><T95/><D95/><U103/><E7/><V87/><F124/><W83/><G93/><T112/><D112/><U11/><E11/><V69/><F69/><W56/><G56/><T9/><D9/><U5/><E5/><V88/><F6/><N who="3" m="1111" /><G19/><T86/><D86/><U116/><E116/><V89/><F18/><W47/><G47/><T71/><D71/><U58/><E128/><V76/><REACH who="2" step="1"/><F22/><REACH who="2" ten="32,409,230,319" step="2"/><W101/><G126/><T15/><D15/><U51/><E20/><V61/><F61/><W106/><G134/><T28/><D28/><U130/><E30/><V117/><F117/><W99/><G83/><T109/><D109/><AGARI ba="0,1" hai="24,25,27,76,81,87,88,89,90,108,109,111,114,115" machi="109" ten="50,6400,0" yaku="1,1,52,1,54,1,53,0" doraHai="73" doraHaiUra="45" who="2" fromWho="0" sc="32,-64,409,0,230,74,319,0" /><AGARI ba="0,0" hai="39,41,46,74,79,82,99,101,106,109,110" m="1111" machi="109" ten="30,5800,0" yaku="25,1,23,1,52,1" doraHai="73" who="3" fromWho="0" sc="-32,-58,409,0,304,0,319,58" owari="-90,-59,409,51,304,-10,377,18" /></mjloggm>