<mjloggm ver="2.3"><GO type="193" lobby="0"/><UN n0="%E7%95%99%E8%90%8C" n1="%E3%83%AA%E3%83%A9%E3%82%AF%E3%83%9E" n2="%E6%8C%BF%E5%85%A5%E6%AD%8C%E8%8F%8A%E4%B8%80%E6%96%87%E5%AD%97" n3="%E3%81%82%E3%82%93%E3%81%9A%E3%83%BC" dan="12,12,12,12" rate="1659.67,1738.17,1770.95,1794.87" sx="M,F,M,M"/><TAIKYOKU oya="0"/><INIT seed="0,0,0,2,1,23" ten="250,250,250,250" oya="0" hai0="17,73,105,94,6,56,8,78,115,74,120,9,121" hai1="102,26,98,55,132,18,1,100,27,62,52,47,96" hai2="113,28,67,13,95,135,51,45,126,72,4,50,128" hai3="107,109,37,39,97,127,130,33,22,60,108,21,79"/><T81/><D105/><U54/><E1/><V61/><F113/><W43/><G33/><T36/><D115/><U11/><E47/><V124/><F135/><W116/><G127/><N who="2" m="48681" /><F128/><W15/><G116/><T64/><D36/><U48/><E48/><V82/><F28/><W118/><G15/><T71/><D71/><U38/><E38/><V24/><F24/><N who="1" m="9257" /><E132/><V131/><F131/><W85/><G118/><T117/><D117/><U69/><E69/><N who="2" m="42223" /><F95/><W119/><G39/><T65/><D94/><U101/><E62/><V103/><F103/><W19/><G60/><T106/><D106/><U59/><E59/><V25/><F25/><W111/><G107/><T76/><D56/><U88/><E88/><V29/><F29/><W2/><G37/><T20/><D65/><U44/><E44/><V91/><F45/><W46/><G119/><T104/><D104/><U16/><E11/><N who="2" m="4327" /><F91/><W129/><G46/><T134/><D64/><U77/><E77/><AGARI ba="0,0" hai="50,51,72,77,82" m="4327,42223,48681" machi="77" ten="30,1000,0" yaku="18,1" doraHai="23" who="2" fromWho="1" sc="250,0,250,-10,250,10,250,0" /><INIT seed="1,0,0,4,3,124" ten="250,240,260,250" oya="1" hai0="117,35,64,98,80,57,67,127,68,69,59,34,90" hai1="25,130,28,112,19,40,72,36,86,52,5,4,125" hai2="3,11,107,50,18,0,55,73,126,48,24,37,17" hai3="76,75,42,110,7,114,44,46,29,109,12,78,108"/><U51/><E72/><V54/><F107/><W13/><G114/><T79/><D117/><U89/><E112/><V16/><F126/><W15/><G29/><T104/><D127/><U81/><E125/><V103/><F73/><W87/><G7/><T116/><D116/><U119/><E119/><V32/><F103/><W23/><G23/><T91/><D104/><U93/><E36/><V43/><F43/><W94/><G94/><T77/><D98/><U30/><E40/><V100/><F100/><W120/><G42/><T101/><REACH who="0" step="1"/><D80/><REACH who="0" ten="240,240,260,250" step="2"/><U63/><E93/><V97/><F97/><W82/><G120/><T85/><D85/><U65/><E5/><V60/><F37/><W31/><G75/><T115/><D115/><U47/><E4/><V134/><F134/><W95/><G76/><T113/><D113/><U6/><E6/><V99/><F99/><W53/><G110/><T135/><D135/><U118/><E118/><V21/><F3/><W131/><G87/><T39/><D39/><U33/><E33/><V26/><F0/><W96/><G82/><T111/><D111/><U8/><E25/><V106/><F32/><W128/><G96/><T92/><D92/><U121/><E121/><V61/><F106/><W102/><G95/><T88/><D88/><U45/><E45/><N who="2" m="27919" /><F26/><W129/><G78/><T9/><D9/><U66/><E66/><V122/><F122/><W56/><G109/><T84/><D84/><U38/><E38/><V41/><F11/><W20/><G108/><T14/><D14/><N who="1" m="7623" /><E130/><V62/><F41/><W10/><G10/><T133/><D133/><RYUUKYOKU ba="0,1" sc="240,10,240,10,260,10,250,-30" hai0="34,35,57,59,64,67,68,69,77,79,90,91,101" hai1="28,30,47,51,52,63,65,81,86,89" hai2="16,17,18,21,24,50,55,60,61,62" /><INIT seed="1,1,1,2,3,57" ten="250,250,270,220" oya="1" hai0="90,61,46,16,31,128,40,95,33,37,119,131,30" hai1="103,111,68,101,49,59,38,32,114,39,66,121,106" hai2="11,6,28,113,14,48,79,117,86,129,0,134,23" hai3="97,5,44,24,65,74,19,35,135,133,118,87,110"/><U116/><E121/><V88/><F117/><W71/><G74/><T63/><D119/><U47/><E116/><V50/><F134/><N who="3" m="51211" /><G110/><T1/><D1/><U41/><E114/><V102/><F129/><N who="0" m="49738" /><D33/><U75/><E75/><V7/><F113/><W120/><G118/><T124/><D124/><U4/><E4/><N who="2" m="3431" /><F0/><W26/><G44/><T53/><D53/><U51/><E32/><V109/><F109/><W20/><G5/><N who="2" m="1545" /><F102/><W99/><G120/><T78/><D78/><U12/><E111/><V77/><F28/><N who="0" m="10794" /><D16/><U34/><E34/><V92/><F23/><W72/><G35/><T85/><AGARI ba="1,1" hai="37,40,46,61,63,85,90,95" m="10794,49738" machi="85" ten="30,4000,0" yaku="19,1,52,2" doraHai="57" who="0" fromWho="0" sc="250,53,250,-21,270,-11,220,-11" /><INIT seed="2,0,0,3,3,73" ten="303,229,259,209" oya="2" hai0="56,96,80,55,4,30,83,92,129,22,123,88,7" hai1="107,58,61,121,110,117,76,104,36,57,35,9,62" hai2="75,77,87,91,39,3,53,37,47,14,86,85,71" hai3="132,81,114,60,20,131,54,34,29,79,28,93,1"/><V18/><F71/><W26/><G132/><T105/><D123/><U97/><E36/><V33/><F33/><W122/><G131/><T109/><D129/><U112/><E35/><V44/><F3/><W21/><G122/><T101/><D109/><U12/><E121/><V72/><F91/><W43/><G1/><T19/><D30/><U46/><E46/><N who="2" m="17451" /><F53/><W41/><G34/><T120/><D120/><U25/><E110/><V63/><F63/><W108/><G93/><T24/><D4/><U133/><E25/><V103/><F103/><W78/><G114/><T99/><REACH who="0" step="1"/><D7/><REACH who="0" ten="293,229,259,209" step="2"/><U31/><E31/><V126/><F18/><W69/><G28/><T111/><D111/><U74/><E112/><V124/><F14/><W64/><G108/><T84/><D84/><U66/><E12/><V59/><F59/><W70/><G29/><T128/><D128/><U106/><E58/><V15/><F15/><W23/><G70/><T82/><D82/><U115/><E57/><V119/><F119/><W42/><G81/><T32/><D32/><U49/><E117/><V68/><F68/><W130/><G130/><T102/><D102/><U127/><E115/><V135/><F135/><W67/><G67/><T118/><D118/><U113/><E66/><V5/><F5/><W95/><G26/><T48/><AGARI ba="0,1" hai="19,22,24,48,55,56,80,83,88,92,96,99,101,105" machi="48" ten="20,5200,0" yaku="1,1,0,1,7,1,54,1,53,0" doraHai="73" doraHaiUra="134" who="0" fromWho="0" sc="293,62,229,-13,259,-26,209,-13" /><INIT seed="3,0,0,3,1,130" ten="355,216,233,196" oya="3" hai0="40,117,101,23,65,110,89,131,46,14,134,122,74" hai1="78,106,119,116,10,96,133,70,1,87,38,82,93" hai2="21,19,126,105,30,115,107,45,25,51,91,2,121" hai3="47,128,56,42,92,4,13,49,68,33,18,0,100"/><W132/><G68/><T112/><D117/><U11/><E70/><V16/><F121/><W29/><G128/><T3/><D122/><U118/><E38/><V9/><F115/><W120/><G120/><T81/><D65/><U85/><E10/><V43/><F126/><W26/><G56/><T77/><D3/><U108/><E1/><V62/><F107/><W97/><G132/><T37/><D101/><N who="1" m="62759" /><E11/><V53/><F105/><W76/><G4/><T99/><D112/><U124/><E124/><V20/><F91/><W54/><G76/><T32/><D32/><U88/><E108/><V67/><F43/><W50/><G0/><T12/><D131/><U5/><E5/><V27/><F9/><W34/><G34/><T98/><D134/><AGARI ba="0,0" hai="78,82,85,87,88,93,116,118,119,133,134" m="62759" machi="134" ten="40,12000,2" yaku="12,1,34,2,52,2,54,1" doraHai="130" who="1" fromWho="0" sc="355,-120,216,120,233,0,196,0" owari="235,4,336,43,233,-17,196,-30" /></mjloggm>