<mjloggm ver="2.3"><GO type="137" lobby="0"/><UN n0="%63%79%61%63%79%61%6B%69" n1="%E3%81%8A%E3%82%84%E3%81%98%E5%93%B2" n2="%61%73%69%74%61%67%6F" n3="%E7%95%99%E8%90%8C" dan="13,12,11,12" rate="1764.45,1678.38,1913.37,1736.14" sx="M,M,M,M"/><TAIKYOKU oya="0"/><INIT seed="0,0,0,0,2,105" ten="250,250,250,250" oya="0" hai0="117,46,109,115,98,51,55,119,8,132,42,87,111" hai1="62,131,47,93,33,67,54,75,82,40,108,28,20" hai2="92,79,70,31,61,44,65,103,135,5,78,69,34" hai3="49,30,97,95,36,26,32,100,64,13,1,133,123"/><T50/><D98/><U104/><E104/><V128/><F70/><W52/><G36/><T15/><D87/><U45/><E33/><V16/><F135/><W37/><G37/><T10/><D15/><U21/><E131/><V57/><F128/><W25/><G1/><T84/><D84/><U134/><E134/><V101/><F5/><W63/><G133/><T14/><D10/><U90/><E54/><V121/><F121/><W107/><G13/><T106/><D14/><U118/><E118/><N who="0" m="45065" /><D8/><U35/><E35/><V59/><F44/><W60/><G123/><T120/><D106/><U122/><E40/><V39/><F39/><W127/><G127/><T41/><D132/><U19/><E28/><V17/><F69/><N who="3" m="42119" /><G63/><T130/><D130/><U66/><E66/><V88/><F34/><W96/><G25/><T86/><D86/><U4/><E108/><N who="0" m="41545" /><D120/><U85/><E4/><V89/><F57/><N who="3" m="32911" /><G96/><T27/><D27/><U74/><E122/><V2/><F2/><W126/><G126/><T22/><D22/><U94/><E21/><V58/><F31/><W114/><G95/><T3/><D3/><U116/><E93/><V125/><F59/><W81/><G81/><T29/><D29/><U53/><E94/><V102/><F92/><W99/><G99/><T0/><D0/><U24/><E116/><V124/><F124/><W71/><G114/><T113/><D55/><U72/><REACH who="1" step="1"/><E53/><REACH who="1" ten="250,240,250,250" step="2"/><V73/><F125/><W129/><G129/><T110/><N who="0" m="41553" /><T12/><DORA hai="38" /><D12/><U7/><E7/><V18/><F103/><W11/><G71/><AGARI ba="0,1" hai="19,20,24,45,47,62,67,71,72,74,75,82,85,90" machi="71" ten="40,12000,2" yaku="1,1,52,3,53,2" doraHai="105,38" doraHaiUra="56,80" who="1" fromWho="3" sc="250,0,240,130,250,0,250,-120" /><INIT seed="1,0,0,5,3,1" ten="250,370,250,130" oya="1" hai0="76,17,34,117,125,35,116,133,9,24,38,115,4" hai1="16,62,49,23,82,53,74,121,65,61,3,106,56" hai2="95,101,64,70,54,2,57,73,14,79,55,26,47" hai3="63,87,52,123,39,43,32,83,40,6,33,135,103"/><U11/><E106/><V100/><F2/><W51/><G123/><T27/><D38/><U105/><E105/><V72/><F70/><W36/><G103/><T109/><D76/><U7/><E121/><V48/><F72/><W45/><G135/><T108/><D133/><U130/><E130/><V124/><F64/><W42/><G6/><T134/><D134/><U91/><E65/><V119/><F119/><N who="0" m="45642" /><D115/><U131/><E131/><V69/><F69/><W88/><REACH who="3" step="1"/><G63/><REACH who="3" ten="250,370,250,120" step="2"/><T20/><D125/><U122/><E122/><V41/><F101/><W13/><G13/><N who="0" m="5287" /><D27/><U46/><E62/><V30/><F14/><W102/><G102/><T67/><D67/><U127/><E127/><V71/><F124/><W22/><G22/><T68/><D68/><U94/><E61/><V110/><F71/><W89/><G89/><T78/><D78/><U126/><E126/><V15/><F15/><W93/><G93/><T90/><D90/><U114/><E94/><V118/><F100/><W84/><G84/><T29/><D29/><U92/><E92/><V60/><F95/><W18/><G18/><T86/><D86/><N who="1" m="50647" /><E74/><V50/><F118/><W37/><AGARI ba="0,1" hai="32,33,36,37,39,40,42,43,45,51,52,83,87,88" machi="37" ten="40,8000,1" yaku="1,1,0,1,54,2,53,1" doraHai="1" doraHaiUra="44" who="3" fromWho="3" sc="250,-20,370,-40,250,-20,120,90" /><INIT seed="2,0,0,5,3,117" ten="230,330,230,210" oya="2" hai0="126,63,55,93,50,91,110,84,4,70,20,108,23" hai1="51,103,8,100,79,58,47,87,27,32,133,113,81" hai2="102,26,46,135,17,37,24,40,121,98,66,94,13" hai3="75,109,105,104,83,19,74,15,42,112,56,45,99"/><V22/><F66/><W77/><G56/><T114/><D4/><U88/><E113/><V28/><F135/><W61/><G61/><T16/><D114/><U118/><E118/><V97/><F98/><W86/><G112/><T85/><D23/><U29/><E133/><V54/><F54/><W3/><G3/><T41/><D41/><U101/><E8/><V62/><F62/><W57/><G109/><T21/><D21/><U82/><E58/><V90/><F102/><W116/><G116/><T72/><D72/><U53/><REACH who="1" step="1"/><E103/><REACH who="1" ten="230,320,230,210" step="2"/><V132/><F132/><W76/><G57/><N who="0" m="33015" /><D63/><U130/><E130/><V39/><F37/><W59/><G59/><T124/><D70/><U52/><E52/><V123/><REACH who="2" step="1"/><F26/><REACH who="2" ten="230,320,220,210" step="2"/><W1/><G105/><T68/><D68/><U67/><E67/><V69/><F69/><W18/><G104/><T120/><D84/><AGARI ba="0,2" hai="27,29,32,47,51,53,79,81,82,84,87,88,100,101" machi="84" ten="30,3900,0" yaku="1,1,7,1,54,1,53,0" doraHai="117" doraHaiUra="11" who="1" fromWho="0" sc="230,-39,320,59,220,0,210,0" /><INIT seed="3,0,0,5,5,92" ten="191,379,220,210" oya="3" hai0="58,94,109,79,129,15,103,85,59,123,55,116,95" hai1="125,130,99,108,133,13,17,65,112,68,16,46,72" hai2="69,37,89,96,20,12,27,2,73,88,52,132,25" hai3="8,39,97,24,87,47,62,134,98,76,48,71,22"/><W35/><G39/><T31/><D116/><U26/><E72/><V51/><F69/><W118/><G35/><T7/><D123/><U117/><E46/><V11/><F73/><W93/><G118/><T100/><D129/><U113/><E65/><V135/><F2/><W50/><G8/><T107/><D107/><U90/><E68/><V128/><F37/><W119/><G119/><T28/><D109/><U21/><E90/><V122/><F122/><W75/><G75/><T120/><D120/><U104/><E99/><N who="3" m="37898" /><G71/><T60/><D58/><U66/><E104/><V127/><F127/><W33/><G33/><T0/><D0/><U63/><E63/><V101/><F128/><W67/><G134/><N who="2" m="51241" /><F11/><W57/><G47/><T80/><D95/><U23/><E66/><V126/><F126/><W64/><G64/><T115/><D115/><U114/><E125/><V42/><F42/><W14/><G14/><T5/><D94/><U91/><E91/><N who="2" m="34891" /><F20/><W19/><G93/><T4/><REACH who="0" step="1"/><D15/><REACH who="0" ten="181,379,220,210" step="2"/><U84/><E117/><V124/><F124/><W82/><AGARI ba="0,1" hai="19,22,24,48,50,57,62,67,76,82,87" m="37898" machi="82" ten="30,11700,0" yaku="8,1,52,3" doraHai="92" who="3" fromWho="3" sc="181,-39,379,-39,220,-39,210,127" /><INIT seed="3,1,0,2,0,102" ten="142,340,181,337" oya="3" hai0="130,74,6,80,21,97,120,12,101,40,134,89,87" hai1="4,41,32,94,10,113,44,15,76,84,112,13,60" hai2="20,28,85,53,67,133,5,111,115,82,38,114,93" hai3="64,2,119,26,103,131,124,34,33,52,55,3,117"/><W22/><G64/><T95/><D120/><U72/><E32/><V24/><F38/><W129/><G103/><T83/><D40/><U9/><E72/><V62/><F5/><W116/><G34/><T16/><D130/><N who="3" m="49673" /><G33/><T132/><D74/><U104/><E104/><V8/><F111/><W105/><G124/><T35/><D35/><U36/><E60/><V37/><F37/><W123/><G123/><T135/><REACH who="0" step="1"/><D6/><REACH who="0" ten="132,340,181,337" step="2"/><U58/><E112/><V0/><F115/><W31/><G105/><AGARI ba="1,1" hai="12,16,21,80,83,87,89,95,97,101,105,132,134,135" machi="105" ten="40,8000,1" yaku="1,1,2,1,20,1,52,1,54,1,53,0" doraHai="102" doraHaiUra="65" who="0" fromWho="3" sc="132,93,340,0,181,0,337,-83" /><INIT seed="4,0,0,2,3,112" ten="225,340,181,254" oya="0" hai0="28,113,86,124,15,82,132,55,100,114,94,17,29" hai1="109,20,2,110,43,7,54,72,88,129,93,111,26" hai2="52,40,78,81,80,85,13,51,67,75,24,62,116" hai3="87,107,14,25,0,27,66,33,99,22,106,50,103"/><T68/><D68/><U95/><E72/><V45/><F40/><W11/><G0/><T48/><D124/><U18/><E43/><V135/><F135/><W8/><G66/><T96/><D132/><U105/><E105/><V120/><F120/><W6/><G50/><T70/><D70/><U128/><E2/><V16/><F24/><W69/><G69/><T65/><D65/><U19/><E7/><V97/><F97/><W12/><G87/><T125/><D125/><U36/><E36/><V59/><F85/><W104/><G33/><T63/><D63/><U122/><E122/><V102/><F102/><W1/><G103/><T60/><D60/><U57/><E19/><V74/><F75/><W46/><G46/><N who="0" m="28055" /><D114/><U118/><E118/><V5/><F5/><W101/><G101/><T79/><D113/><U121/><E121/><V41/><F67/><W83/><G83/><T89/><D79/><U32/><E32/><V133/><F133/><W123/><G99/><T130/><D130/><N who="1" m="50283" /><E88/><V21/><REACH who="2" step="1"/><F80/><REACH who="2" ten="225,340,171,254" step="2"/><W9/><G123/><T30/><D30/><U115/><E115/><V39/><F39/><W84/><G84/><T61/><D61/><AGARI ba="0,1" hai="18,20,26,54,57,61,93,95,109,110,111" m="50283" machi="61" ten="40,1300,0" yaku="19,1" doraHai="112" who="1" fromWho="0" sc="225,-13,340,23,171,0,254,0" /><INIT seed="5,0,0,5,4,23" ten="212,363,171,254" oya="1" hai0="120,16,70,99,46,13,39,114,73,57,31,64,78" hai1="36,85,29,24,17,108,35,135,21,66,53,93,71" hai2="115,43,63,49,47,119,131,90,94,41,79,101,100" hai3="77,74,88,118,56,84,126,103,38,91,92,54,18"/><U55/><E36/><V106/><F119/><W95/><G38/><T6/><D73/><U62/><E135/><V105/><F79/><W32/><G32/><T30/><D78/><U42/><E42/><V129/><F106/><W25/><G118/><T67/><D114/><U124/><E124/><V58/><F41/><W14/><G126/><T8/><D120/><U4/><E4/><V121/><F121/><W68/><G68/><T60/><D39/><U117/><E117/><V102/><F105/><W134/><G134/><T122/><D122/><U61/><E61/><V10/><F115/><W51/><G103/><T104/><D46/><U132/><E132/><V133/><F133/><W128/><G128/><N who="2" m="49225" /><F10/><W109/><G109/><T116/><D116/><U0/><E0/><V69/><F69/><W72/><G77/><T7/><D104/><U1/><E1/><V111/><F111/><W5/><G5/><N who="0" m="1547" /><D70/><U130/><E130/><V97/><F102/><W96/><REACH who="3" step="1"/><G25/><REACH who="3" ten="212,363,171,244" step="2"/><T113/><D113/><U65/><E108/><V9/><F9/><AGARI ba="0,1" hai="9,14,18,51,54,56,72,74,84,88,91,92,95,96" machi="9" ten="30,7700,0" yaku="1,1,2,1,7,1,54,1,53,0" doraHai="23" doraHaiUra="26" who="3" fromWho="2" sc="212,0,363,0,171,-77,244,87" /><INIT seed="6,0,0,1,0,88" ten="212,363,94,331" oya="2" hai0="109,101,86,58,8,52,21,61,0,45,64,81,95" hai1="49,100,80,9,63,1,112,47,53,32,123,113,90" hai2="132,37,79,65,71,111,55,6,107,106,14,25,33" hai3="131,122,97,66,75,76,36,7,26,59,31,114,54"/><V69/><F37/><W50/><G36/><T28/><D109/><U93/><E32/><V99/><F79/><W10/><G122/><T77/><D0/><U22/><E123/><V117/><F117/><W20/><G131/><T57/><D45/><U87/><E100/><V135/><F55/><W60/><G114/><T12/><D58/><U13/><E1/><V3/><F14/><W116/><G116/><T44/><D44/><U70/><E22/><V56/><F56/><W74/><G97/><N who="0" m="59583" /><D28/><U84/><E70/><V125/><F111/><W27/><G27/><T2/><D2/><U48/><E63/><N who="2" m="40127" /><F71/><W91/><G91/><T78/><D21/><U134/><E49/><V110/><F110/><W126/><G126/><T19/><D78/><U24/><E24/><V105/><F125/><W41/><G76/><T16/><D19/><U89/><REACH who="1" step="1"/><E134/><REACH who="1" ten="212,353,94,331" step="2"/><N who="2" m="51243" /><F3/><W62/><G41/><T4/><D4/><AGARI ba="0,1" hai="4,9,13,47,48,53,80,84,87,89,90,93,112,113" machi="4" ten="40,5200,0" yaku="1,1,52,1,53,1" doraHai="88" doraHaiUra="5" who="1" fromWho="0" sc="212,-52,353,62,94,0,331,0" /><INIT seed="7,0,0,0,1,35" ten="160,415,94,331" oya="3" hai0="125,46,127,54,42,20,101,11,109,14,116,126,105" hai1="117,56,34,22,27,124,112,135,68,31,49,122,32" hai2="55,99,3,59,87,47,13,15,1,131,52,45,108" hai3="12,8,64,85,65,48,115,91,96,66,133,130,100"/><W28/><G28/><T120/><D120/><U29/><E68/><V98/><F108/><W5/><G115/><T90/><D109/><U74/><E112/><V118/><F131/><W24/><G48/><T89/><D116/><U83/><E74/><V33/><F87/><W0/><G130/><T128/><D128/><U67/><E117/><V7/><F59/><W81/><G133/><T30/><D101/><U4/><E4/><V10/><F7/><W23/><G0/><T80/><D105/><U97/><E31/><V41/><F41/><W134/><G134/><T60/><D80/><U61/><E124/><V38/><F118/><W69/><G69/><T39/><D54/><U21/><E83/><V51/><F51/><W123/><G123/><T88/><D60/><U132/><E132/><V104/><F33/><W2/><G24/><N who="0" m="16647" /><D14/><U17/><E122/><V129/><F129/><W95/><G2/><T50/><D11/><U25/><E135/><V53/><F55/><W26/><G26/><T62/><D62/><U71/><E97/><V44/><F44/><W78/><REACH who="3" step="1"/><G23/><REACH who="3" ten="160,415,94,321" step="2"/><T106/><D106/><U63/><E49/><AGARI ba="0,1" hai="39,42,46,49,50,88,89,90,125,126,127" m="16647" machi="49" ten="40,2600,0" yaku="18,1,54,1" doraHai="35" who="0" fromWho="1" sc="160,36,415,-26,94,0,321,0" owari="196,-20,389,49,94,-41,321,12" /></mjloggm>