<mjloggm ver="2.3"><GO type="193" lobby="0"/><UN n0="%73%61%73%75%7A%75" n1="%E3%81%81%E3%82%82" n2="%E7%95%99%E8%90%8C" n3="%E3%83%95%E3%83%AA%E3%82%B3%E3%83%9F%E3%81%95%E3%82%93" dan="11,13,12,12" rate="1545.43,1715.06,1696.81,1617.69" sx="M,F,M,M"/><TAIKYOKU oya="0"/><INIT seed="0,0,0,1,3,73" ten="250,250,250,250" oya="0" hai0="29,70,86,106,96,120,38,49,3,21,72,85,59" hai1="115,103,122,37,48,114,127,66,8,61,23,88,56" hai2="41,14,54,42,62,15,35,33,117,71,92,118,76" hai3="132,6,58,4,44,45,130,5,63,112,98,40,24"/><T19/><D120/><U31/><E37/><V94/><F76/><W0/><G112/><N who="1" m="43050" /><E122/><V2/><F2/><W97/><G24/><T124/><D70/><U93/><E127/><V47/><F71/><W36/><G44/><T60/><D72/><U53/><E8/><V74/><F74/><W133/><G130/><T126/><D3/><U25/><E103/><V129/><F62/><W105/><G105/><T83/><D86/><N who="1" m="52375" /><E66/><V10/><F54/><W50/><G36/><T116/><D29/><U111/><E111/><V32/><F129/><W55/><REACH who="3" step="1"/><G0/><REACH who="3" ten="250,250,250,240" step="2"/><T16/><D116/><N who="2" m="44650" /><F47/><W69/><G69/><T7/><D38/><U11/><E11/><V90/><F10/><W64/><G64/><T113/><D113/><U27/><E27/><V84/><F92/><W123/><G123/><T18/><D7/><U13/><E13/><AGARI ba="0,1" hai="13,14,15,32,33,35,41,42,84,90,94" m="44650" machi="13" ten="40,1300,0" yaku="12,1" doraHai="73" who="2" fromWho="1" sc="250,0,250,-13,250,23,240,0" /><INIT seed="1,0,0,2,0,34" ten="250,237,273,240" oya="1" hai0="3,47,46,12,67,23,100,124,10,121,52,54,107" hai1="42,77,75,33,79,8,112,38,36,57,135,2,29" hai2="53,102,130,60,31,71,123,44,43,73,1,90,86" hai3="45,7,51,81,16,103,39,109,74,40,84,105,118"/><U55/><E112/><V61/><F1/><W35/><G74/><T66/><D121/><U27/><E135/><V122/><F73/><W116/><G35/><T129/><D100/><U115/><E115/><V18/><F130/><W56/><G109/><T5/><D107/><U111/><E111/><V37/><F102/><W72/><G72/><T20/><D124/><U28/><E28/><V48/><F31/><W108/><G108/><T32/><D32/><U14/><E75/><V6/><F6/><W69/><G69/><T96/><D129/><U95/><E2/><V126/><F18/><W64/><G39/><T134/><D134/><U15/><E95/><V91/><F126/><W17/><G7/><T110/><D110/><U99/><E99/><V68/><F122/><W63/><G103/><T106/><D106/><U117/><E117/><N who="3" m="45162" /><G105/><T22/><D96/><U82/><E42/><V113/><F123/><W4/><G4/><T85/><D85/><U93/><E93/><V50/><F113/><W13/><G13/><T25/><D12/><N who="1" m="4651" /><E8/><V62/><F90/><AGARI ba="0,0" hai="16,17,40,45,51,56,63,64,81,84,90" m="45162" machi="90" ten="30,2000,0" yaku="12,1,54,1" doraHai="34" who="3" fromWho="2" sc="250,0,237,0,273,-20,240,20" /><INIT seed="2,0,0,5,0,63" ten="250,237,253,260" oya="2" hai0="86,70,106,124,104,105,117,127,17,120,49,22,41" hai1="50,92,60,108,1,42,29,91,131,111,51,16,40" hai2="128,3,10,80,125,133,90,8,5,77,9,24,23" hai3="31,27,26,94,129,87,132,103,18,83,47,58,43"/><V35/><F125/><N who="0" m="48202" /><D120/><U79/><E1/><V21/><F133/><W81/><G58/><T95/><D117/><U67/><E79/><V74/><F128/><W15/><G132/><T99/><D86/><U122/><E29/><N who="2" m="19879" /><F90/><W82/><G129/><T66/><D41/><U12/><E131/><V61/><F61/><W32/><G26/><T54/><D99/><U109/><E122/><V76/><F76/><W25/><G25/><T89/><D22/><N who="2" m="8202" /><F74/><W39/><G103/><T75/><D75/><U93/><E42/><V6/><F80/><W85/><REACH who="3" step="1"/><G94/><REACH who="3" ten="250,237,253,250" step="2"/><N who="1" m="36458" /><E40/><V44/><F44/><W28/><G28/><T97/><D17/><U72/><E72/><V126/><F77/><W57/><G57/><T102/><D102/><U78/><E78/><V110/><F110/><W36/><G36/><T96/><D96/><U113/><E113/><V13/><F126/><W2/><G2/><T114/><D114/><U135/><E135/><V71/><F71/><W59/><G59/><N who="0" m="33231" /><D106/><U19/><E91/><V33/><F33/><W130/><G130/><T134/><D134/><U11/><E19/><N who="2" m="8615" /><F3/><W4/><G4/><AGARI ba="0,1" hai="4,5,6,9,10" m="8615,8202,19879" machi="4" ten="30,12000,1" yaku="35,5" doraHai="63" who="2" fromWho="3" sc="250,0,237,0,253,130,250,-120" /><INIT seed="2,1,0,1,5,3" ten="250,237,383,130" oya="2" hai0="84,79,66,32,30,41,87,1,94,100,78,106,10" hai1="22,20,68,34,28,81,14,134,36,97,11,8,57" hai2="120,27,31,58,110,88,39,18,54,131,55,29,115" hai3="102,45,9,96,64,98,133,56,46,121,26,33,80"/><V86/><F115/><W85/><G121/><T124/><D66/><U17/><E36/><V74/><F39/><W112/><G112/><T21/><D30/><U99/><E68/><V107/><F74/><W53/><G64/><T40/><D40/><U70/><E70/><V6/><F107/><W92/><G133/><T117/><D117/><U2/><E2/><V37/><F120/><W47/><G33/><T82/><D32/><U129/><E129/><V63/><F37/><W35/><G96/><T128/><D128/><U51/><E134/><V105/><F105/><W125/><G125/><T0/><D0/><U90/><E34/><V72/><F72/><W48/><G9/><N who="1" m="3658" /><E81/><N who="2" m="49231" /><F131/><W108/><G108/><T59/><D124/><U104/><E104/><V103/><F103/><W127/><G127/><T122/><D122/><U52/><E90/><V23/><F110/><W24/><REACH who="3" step="1"/><G35/><REACH who="3" ten="250,237,383,120" step="2"/><T130/><D130/><U116/><E116/><V42/><F42/><W15/><G15/><T50/><D10/><U4/><E4/><V60/><F6/><W123/><G123/><T89/><D1/><U101/><E101/><V109/><F109/><W69/><G69/><T73/><D41/><U38/><E38/><V75/><F75/><W25/><G25/><AGARI ba="1,1" hai="14,17,20,22,25,28,51,52,57,97,99" m="3658" machi="25" ten="30,2000,0" yaku="8,1,54,1" doraHai="3" who="1" fromWho="3" sc="250,0,237,33,383,0,120,-23" /><INIT seed="3,0,0,1,4,58" ten="250,270,383,97" oya="3" hai0="35,25,104,8,66,126,124,45,5,47,2,61,46" hai1="14,83,74,110,21,77,4,40,30,38,50,132,97" hai2="54,118,129,59,93,89,133,32,53,28,57,91,63" hai3="88,107,98,100,109,115,27,78,9,114,82,37,106"/><W64/><G37/><T117/><D117/><U67/><E38/><V11/><F118/><W135/><G64/><T12/><D104/><U73/><E132/><V111/><F111/><W3/><G27/><T68/><D2/><U81/><E110/><V85/><F133/><W90/><G109/><T87/><D25/><U26/><E67/><V96/><F129/><W41/><G41/><T130/><D87/><U134/><E134/><V13/><F32/><W34/><G34/><T80/><D80/><U72/><E97/><V39/><F39/><W116/><G9/><T108/><D108/><U121/><E121/><V119/><F28/><W1/><G1/><T24/><D35/><U36/><E36/><V71/><F119/><W43/><G43/><T60/><D24/><U122/><E122/><V86/><F71/><W131/><G3/><T123/><D123/><U0/><E0/><V51/><F11/><W99/><G116/><T31/><D31/><U102/><E102/><N who="2" m="60687" /><F13/><W112/><G135/><T17/><D5/><U19/><E4/><V105/><F105/><N who="3" m="39947" /><G131/><T84/><D84/><AGARI ba="0,0" hai="51,53,54,57,59,63,84,85,86,89,91" m="60687" machi="84" ten="30,2000,0" yaku="8,1,52,1" doraHai="58" who="2" fromWho="0" sc="250,-20,270,0,383,20,97,0" owari="230,-17,270,7,403,50,97,-40" /></mjloggm>