<mjloggm ver="2.3"><GO type="193" lobby="0"/><UN n0="%E3%81%95%E3%81%8F%E3%81%BE%E3%82%86" n1="%E5%BF%97%E9%AB%98%E3%81%8F" n2="%E5%A4%A9%E6%9C%88%E3%82%81%E3%81%90%E3%82%8B" n3="%E7%95%99%E8%90%8C" dan="11,11,12,12" rate="1580.02,1595.15,1846.62,1642.73" sx="M,M,F,M"/><TAIKYOKU oya="0"/><INIT seed="0,0,0,4,5,106" ten="250,250,250,250" oya="0" hai0="134,107,12,129,21,90,3,22,26,66,0,126,76" hai1="51,41,83,2,63,17,102,98,47,97,16,25,112" hai2="40,78,64,37,101,124,55,24,128,45,15,95,99" hai3="131,133,38,87,1,100,105,49,50,39,34,33,6"/><T57/><D107/><U86/><E112/><V69/><F128/><W117/><G131/><T28/><D129/><U113/><E113/><V109/><F109/><W68/><G68/><T130/><D130/><U35/><E2/><V110/><F110/><W115/><G117/><T10/><D126/><U60/><E98/><V80/><F124/><W119/><G119/><T59/><D134/><U29/><E63/><V31/><F15/><W127/><G115/><T79/><D90/><U85/><E60/><V82/><F55/><W77/><G127/><T104/><D104/><U123/><E123/><V43/><F43/><W36/><G133/><T111/><D111/><U44/><E44/><V96/><F69/><W46/><G77/><T75/><D79/><U14/><E14/><V30/><F64/><W121/><G121/><T120/><D120/><U13/><E13/><V62/><F62/><W9/><G87/><T18/><D66/><U88/><E86/><V32/><F99/><W91/><G105/><AGARI ba="0,0" hai="16,17,25,29,35,41,47,51,83,85,88,97,102,105" machi="105" ten="30,3900,0" yaku="7,1,54,2" doraHai="106" who="1" fromWho="3" sc="250,0,250,39,250,0,250,-39" /><INIT seed="1,0,0,0,2,0" ten="250,289,250,211" oya="1" hai0="24,86,20,127,70,93,114,61,7,102,5,121,134" hai1="51,14,117,84,44,23,101,22,37,12,13,94,4" hai2="42,39,122,48,129,33,58,35,52,132,16,81,59" hai3="128,99,126,97,77,47,10,9,120,18,60,82,66"/><U103/><E117/><V56/><F122/><W55/><G120/><T112/><D121/><U107/><E37/><V90/><F129/><W36/><G128/><T89/><D102/><U87/><E107/><V53/><F132/><W111/><G111/><T108/><D108/><U100/><E94/><V124/><F124/><W73/><G126/><T34/><D127/><U130/><E130/><V15/><F39/><W119/><G119/><T11/><D134/><U80/><E4/><V68/><F68/><W123/><G123/><T92/><D34/><U28/><E28/><V57/><F42/><W41/><G55/><T19/><D93/><U69/><E69/><V50/><F35/><W98/><REACH who="3" step="1"/><G18/><REACH who="3" ten="250,289,250,201" step="2"/><T76/><D19/><U105/><E105/><V21/><F33/><W74/><G74/><T96/><D114/><U63/><E63/><V78/><F90/><W79/><G79/><T46/><D112/><U49/><E49/><V104/><F104/><W85/><G85/><AGARI ba="0,1" hai="15,16,21,48,50,52,53,56,57,58,59,78,81,85" machi="85" ten="30,8000,1" yaku="7,1,9,1,8,1,54,2" doraHai="0" who="2" fromWho="3" sc="250,0,289,0,250,90,201,-80" /><INIT seed="2,0,0,5,4,3" ten="250,289,340,121" oya="2" hai0="20,54,93,126,103,132,71,9,102,13,119,39,52" hai1="81,65,64,90,120,112,77,72,123,109,99,85,31" hai2="19,49,14,32,40,76,74,8,66,36,98,18,91" hai3="95,83,1,124,15,88,82,79,97,35,42,58,62"/><V45/><F32/><W47/><G35/><T129/><D119/><U50/><E31/><V104/><F66/><W70/><G70/><T67/><D67/><U55/><E112/><V28/><F28/><W121/><G121/><T135/><D39/><U111/><E65/><V131/><F131/><W106/><G1/><T107/><D129/><U56/><E64/><V130/><F130/><W69/><G69/><T4/><D20/><U117/><E117/><V61/><F61/><W96/><G124/><T27/><D126/><U0/><E0/><V43/><F74/><W101/><G15/><T94/><D27/><U22/><E22/><V7/><F76/><W26/><G26/><T21/><D21/><U6/><E6/><V116/><F116/><W75/><G62/><T100/><D71/><U23/><E23/><V108/><F108/><N who="1" m="41545" /><E50/><V84/><F104/><W68/><G68/><T92/><REACH who="0" step="1"/><D107/><REACH who="0" ten="240,289,340,121" step="2"/><U25/><E25/><V29/><F29/><W38/><G58/><T89/><D89/><U115/><E115/><V53/><F36/><W2/><G2/><T78/><D78/><U34/><E90/><V86/><F91/><W113/><G113/><T63/><D63/><U5/><E77/><V17/><F98/><W16/><G16/><T134/><AGARI ba="0,1" hai="4,9,13,52,54,92,93,94,100,102,103,132,134,135" machi="134" ten="40,12000,2" yaku="1,1,0,1,29,2,20,1,52,1,54,1,53,0" doraHai="3" doraHaiUra="114" who="0" fromWho="0" sc="240,130,289,-30,340,-60,121,-30" /><INIT seed="3,0,0,1,3,104" ten="370,259,280,91" oya="3" hai0="53,113,67,16,55,17,8,134,44,90,76,118,89" hai1="48,34,114,109,33,5,56,79,66,81,32,64,130" hai2="24,68,125,18,100,123,13,70,3,54,93,20,135" hai3="85,96,78,62,107,101,121,73,99,28,37,12,65"/><W120/><G37/><T21/><D118/><U74/><E114/><V108/><F70/><W27/><G12/><T2/><D2/><U116/><E116/><V25/><F68/><W40/><G40/><T47/><D113/><U94/><E109/><V29/><F54/><W86/><G96/><T43/><D43/><U106/><E106/><V1/><F93/><W102/><G102/><T42/><D42/><U126/><E126/><V72/><F100/><W84/><G73/><T128/><D21/><U77/><E130/><V46/><F46/><W88/><G78/><T83/><D8/><U50/><E79/><V4/><F72/><W11/><G11/><T26/><D26/><N who="2" m="10346" /><F108/><W110/><G110/><T15/><D15/><U59/><E5/><V75/><F75/><W69/><REACH who="3" step="1"/><G88/><REACH who="3" ten="370,259,280,81" step="2"/><T23/><D90/><U49/><REACH who="1" step="1"/><E94/><REACH who="1" ten="370,249,280,81" step="2"/><V6/><F125/><W35/><AGARI ba="0,2" hai="27,28,35,62,65,69,84,85,86,99,101,107,120,121" machi="35" ten="30,18000,2" yaku="1,1,2,1,0,1,25,2,53,1" doraHai="104" doraHaiUra="92" who="3" fromWho="3" sc="370,-60,249,-60,280,-60,81,200" /><INIT seed="3,1,0,2,3,19" ten="310,189,220,281" oya="3" hai0="66,41,39,103,118,12,70,122,105,115,15,60,54" hai1="112,102,34,124,5,28,29,6,83,52,10,72,117" hai2="125,86,113,57,95,59,78,96,45,36,24,123,35" hai3="25,67,4,85,114,32,47,99,68,31,74,92,21"/><W104/><G114/><T3/><D3/><U51/><E117/><V65/><F113/><W119/><G119/><T17/><D118/><U44/><E112/><V26/><F35/><W71/><G74/><T97/><D122/><U27/><E124/><V73/><F73/><W133/><G133/><T33/><D33/><U14/><E29/><V101/><F125/><W90/><G47/><T87/><D87/><U13/><E102/><V131/><F123/><W106/><G4/><T135/><D135/><U129/><E129/><V75/><F75/><W82/><G32/><T38/><D115/><U7/><E72/><V23/><F36/><W40/><G40/><T76/><D76/><U130/><E130/><V2/><F2/><W88/><REACH who="3" step="1"/><G67/><REACH who="3" ten="310,189,220,271" step="2"/><T120/><D120/><U43/><E14/><V48/><F131/><W89/><G89/><T84/><D41/><U46/><REACH who="1" step="1"/><E83/><REACH who="1" ten="310,179,220,271" step="2"/><N who="2" m="47479" /><F26/><W58/><G58/><T127/><D12/><U116/><E116/><V53/><F65/><W22/><G22/><T98/><D15/><U93/><E93/><V61/><F61/><W8/><G8/><T1/><D66/><U55/><E55/><V0/><F0/><W69/><AGARI ba="1,2" hai="21,25,31,68,69,71,82,85,88,90,92,99,104,106" machi="69" ten="30,11700,0" yaku="1,1,0,1,52,1,54,1,53,0" doraHai="19" doraHaiUra="62" who="3" fromWho="3" sc="310,-40,179,-40,220,-40,271,140" owari="270,7,139,-36,180,-22,411,51" /></mjloggm>