<mjloggm ver="2.3"><GO type="193" lobby="0"/><UN n0="%E7%95%99%E8%90%8C" n1="%54%2D%62%6F%79" n2="%4F%6F%6F%6F%6F%6F%4B" n3="%E3%83%96%E3%83%AA%E3%83%BC%E3%83%95" dan="12,12,13,11" rate="1685.50,1760.03,1739.55,1619.31" sx="M,M,M,M"/><TAIKYOKU oya="0"/><INIT seed="0,0,0,2,1,33" ten="250,250,250,250" oya="0" hai0="16,57,9,73,91,35,6,60,24,97,88,96,89" hai1="72,32,5,23,30,13,112,46,51,111,55,108,36" hai2="84,102,87,10,76,38,7,65,21,104,44,37,39" hai3="3,107,17,54,114,62,95,26,90,106,135,74,124"/><T99/><D73/><U83/><E32/><V1/><F65/><W94/><G114/><T117/><D117/><U68/><E68/><V81/><F21/><N who="3" m="13615" /><G95/><T70/><D70/><U34/><E34/><V134/><F134/><W93/><G74/><T59/><D35/><U28/><E112/><V133/><F133/><W128/><G135/><T40/><D40/><U109/><E36/><V19/><F19/><W4/><G94/><T115/><D115/><U58/><E46/><V41/><REACH who="2" step="1"/><F87/><REACH who="2" ten="250,250,240,250" step="2"/><W48/><G128/><T119/><D119/><U61/><E111/><V118/><F118/><W67/><G124/><T12/><REACH who="0" step="1"/><D60/><REACH who="0" ten="240,250,240,250" step="2"/><U125/><E61/><V22/><F22/><AGARI ba="0,2" hai="6,9,12,16,22,24,57,59,88,89,91,96,97,99" machi="22" ten="40,12000,1" yaku="1,1,2,1,8,1,54,2,53,0" doraHai="33" doraHaiUra="129" who="0" fromWho="2" sc="240,140,250,0,240,-120,250,0" /><INIT seed="0,1,0,0,3,75" ten="380,250,120,250" oya="0" hai0="54,53,57,2,1,80,18,46,70,131,4,17,56" hai1="115,20,132,100,99,109,3,72,112,9,78,95,83" hai2="98,88,48,79,51,12,129,26,127,10,38,90,104" hai3="7,122,121,118,74,16,59,8,30,19,82,42,39"/><T111/><D70/><U81/><E20/><V123/><F38/><W41/><G59/><T24/><D131/><U50/><E50/><V133/><F123/><N who="3" m="47115" /><G30/><T106/><D106/><U52/><E52/><N who="0" m="20073" /><D46/><U91/><E9/><V31/><F129/><W61/><G61/><T15/><D111/><U13/><E13/><V110/><F110/><W125/><G125/><T55/><D80/><U29/><E29/><V11/><F133/><W116/><G74/><T92/><D92/><U33/><E33/><V135/><F135/><W6/><G82/><T44/><D24/><U64/><E64/><V69/><F69/><W103/><G103/><T73/><D44/><U27/><E27/><V101/><F127/><W87/><G87/><T120/><D73/><U14/><E14/><V93/><F79/><W94/><G8/><T77/><D120/><U45/><E45/><V43/><F104/><W65/><G94/><T102/><D77/><N who="1" m="44199" /><E3/><N who="0" m="1033" /><D102/><U35/><E35/><V40/><F11/><W128/><G65/><T134/><D134/><U60/><E60/><V84/><F84/><W107/><G107/><T85/><D85/><N who="1" m="48375" /><E132/><V114/><F114/><N who="1" m="43561" /><E109/><V67/><F67/><W22/><G128/><T34/><D34/><U0/><E0/><V96/><F51/><W58/><G22/><T76/><D76/><U86/><E86/><V25/><F48/><W89/><G39/><T5/><N who="0" m="20081" /><T49/><DORA hai="108" /><D49/><U71/><E71/><V126/><F126/><W63/><G58/><N who="0" m="22635" /><D15/><U23/><E23/><N who="2" m="15807" /><F26/><W113/><G113/><T37/><D37/><U68/><E68/><V130/><F130/><RYUUKYOKU ba="1,0" sc="380,15,250,15,120,-15,250,-15" hai0="4,5,17,18" hai1="91,95,99,100" /><INIT seed="0,2,0,5,0,74" ten="395,265,105,235" oya="0" hai0="36,83,18,127,77,68,114,54,84,132,50,16,34" hai1="8,101,82,37,14,102,32,118,62,52,57,64,33" hai2="6,117,90,40,48,19,106,115,122,4,73,25,23" hai3="128,28,46,126,31,61,105,44,7,134,11,92,41"/><T12/><D114/><U30/><E37/><V10/><F115/><W26/><G105/><T89/><D34/><U69/><E118/><V15/><F106/><W88/><G134/><T1/><D1/><U98/><E30/><N who="2" m="17727" /><F73/><W3/><G128/><T56/><D68/><U123/><E123/><V91/><F122/><W80/><G126/><T130/><D127/><U2/><E2/><V24/><F117/><W125/><G125/><T53/><D132/><U111/><E111/><V0/><F0/><W124/><G124/><T29/><D36/><U133/><E133/><V21/><F6/><W116/><G116/><T75/><D130/><U17/><E101/><V76/><F76/><W47/><G61/><T66/><D29/><U104/><E82/><V81/><F81/><W113/><G80/><T78/><D54/><U109/><REACH who="1" step="1"/><E109/><REACH who="1" ten="395,255,105,235" step="2"/><V100/><F100/><W108/><G108/><T112/><D112/><U45/><E45/><AGARI ba="2,1" hai="4,10,15,19,21,24,40,45,48,90,91" m="17727" machi="45" ten="30,1000,0" yaku="8,1" doraHai="74" who="2" fromWho="1" sc="395,0,255,-16,105,26,235,0" /><INIT seed="1,0,0,3,5,114" ten="395,239,131,235" oya="1" hai0="19,104,110,62,35,129,3,17,119,130,45,27,14" hai1="68,21,128,111,79,42,64,41,75,5,57,76,100" hai2="97,25,48,43,47,37,109,0,26,6,126,18,101" hai3="125,66,69,102,49,135,2,54,127,131,59,117,88"/><U31/><E68/><V71/><F71/><W8/><G2/><T22/><D3/><U65/><E5/><V13/><F109/><W34/><G34/><T51/><D119/><U86/><E75/><V92/><F126/><N who="3" m="48139" /><G102/><T61/><D104/><U4/><E4/><V53/><F6/><W55/><G8/><N who="0" m="6343" /><D110/><U20/><E100/><V12/><F0/><W24/><G88/><T94/><D35/><U93/><E111/><V113/><F113/><W44/><G24/><T28/><D94/><U105/><E105/><V81/><F81/><W116/><G135/><T85/><D85/><U106/><E106/><V98/><F98/><W36/><G131/><N who="0" m="50187" /><D28/><U91/><E31/><V33/><F13/><W77/><G77/><T50/><D50/><U11/><E79/><V103/><F33/><W134/><G134/><T84/><D84/><U122/><E86/><V90/><F43/><AGARI ba="0,0" hai="19,22,27,43,45,51,61,62" m="50187,6343" machi="43" ten="30,1000,0" yaku="19,1" doraHai="114" who="0" fromWho="2" sc="395,10,239,0,131,-10,235,0" /><INIT seed="2,0,0,1,4,112" ten="405,239,121,235" oya="2" hai0="32,61,40,16,116,39,2,93,25,38,4,9,60" hai1="127,108,78,123,34,132,28,98,94,8,29,91,107" hai2="125,27,117,11,56,82,86,79,75,74,135,22,14" hai3="80,118,133,69,23,50,70,128,102,31,110,66,21"/><V95/><F117/><W13/><G102/><T20/><D116/><U92/><E107/><V53/><F125/><W130/><G80/><T19/><D93/><U76/><E123/><V101/><F135/><W5/><G50/><T12/><D40/><U49/><E132/><V111/><F111/><W104/><G31/><N who="1" m="11850" /><E34/><V129/><F129/><W51/><G51/><T85/><D85/><N who="1" m="52335" /><E108/><V84/><F75/><W67/><G5/><T105/><D105/><U62/><E62/><N who="2" m="36111" /><F74/><W126/><G13/><T83/><D83/><U44/><E8/><V43/><F43/><W77/><G77/><T99/><D99/><U64/><E64/><N who="3" m="24618" /><G104/><T68/><D19/><U7/><E7/><N who="2" m="3455" /><F79/><W103/><G103/><T121/><D121/><U54/><E127/><V52/><F82/><W90/><G126/><T26/><D68/><N who="3" m="26217" /><G110/><T73/><D73/><U41/><E41/><V124/><F124/><W72/><G72/><T45/><D45/><U6/><E6/><V3/><F3/><W57/><G133/><T97/><D97/><U42/><E42/><V18/><F52/><W119/><G57/><T46/><D46/><U88/><AGARI ba="0,0" hai="44,49,54,76,78,88,94,98" m="52335,11850" machi="88" ten="30,2000,0" yaku="8,1,54,1" doraHai="112" who="1" fromWho="1" sc="405,-5,239,20,121,-10,235,-5" /><INIT seed="3,0,0,2,2,119" ten="400,259,111,230" oya="3" hai0="71,44,34,94,24,27,95,98,30,58,12,73,22" hai1="15,61,117,92,126,87,88,25,64,14,37,40,106" hai2="0,16,93,1,125,20,103,130,115,70,13,29,131" hai3="128,60,10,72,11,54,49,32,33,62,105,134,90"/><W135/><G72/><T127/><D73/><U45/><E106/><V69/><F115/><W43/><G105/><T133/><D71/><U17/><E117/><V47/><F47/><W91/><G49/><T97/><D133/><U104/><E104/><V52/><F103/><W53/><REACH who="3" step="1"/><G43/><REACH who="3" ten="400,259,111,220" step="2"/><T120/><D120/><U129/><E40/><V82/><F70/><W63/><G63/><T86/><D34/><U21/><E61/><V65/><F69/><W9/><G9/><T28/><D44/><U79/><E45/><V107/><F107/><W116/><G116/><T112/><D112/><U123/><E123/><V122/><F65/><W48/><G48/><T74/><D74/><U108/><E64/><V99/><F52/><W80/><G80/><T109/><D58/><U89/><E92/><V59/><F82/><W36/><G36/><T46/><D46/><U51/><E51/><V7/><F122/><W121/><G121/><T56/><D56/><U84/><E37/><V55/><F59/><W23/><G23/><T124/><D22/><U31/><E21/><N who="2" m="11407" /><F55/><W5/><G5/><T77/><D77/><U81/><E79/><V100/><F7/><W35/><G35/><T41/><D41/><U118/><E81/><V68/><F68/><W19/><G19/><T57/><D57/><U3/><E17/><V39/><F39/><W102/><G102/><T26/><D86/><U114/><E87/><V113/><F113/><W85/><G85/><T67/><D67/><U132/><E84/><V8/><F8/><W50/><G50/><T110/><D12/><U111/><E15/><RYUUKYOKU ba="0,1" sc="400,-10,259,-10,111,-10,220,30" hai3="10,11,32,33,53,54,60,62,90,91,128,134,135" /><INIT seed="3,1,1,3,4,117" ten="390,249,101,250" oya="3" hai0="83,95,88,116,129,108,46,27,89,96,75,81,125" hai1="22,65,61,32,72,5,51,39,17,86,15,58,42" hai2="57,130,104,2,7,64,13,54,38,41,85,111,55" hai3="36,6,124,50,16,123,77,135,34,18,60,29,76"/><W79/><G36/><T8/><D116/><U0/><E72/><V97/><F111/><W43/><G60/><T28/><D46/><U122/><E39/><V84/><F130/><W37/><G37/><T73/><D8/><U115/><E115/><V99/><F2/><W69/><G69/><T128/><D27/><U91/><E32/><V112/><F112/><W52/><G43/><T74/><D28/><U1/><E5/><V118/><F118/><W33/><G135/><T100/><D108/><U113/><E113/><V21/><F104/><W114/><G114/><T93/><D125/><U107/><E107/><V10/><F38/><W109/><G124/><T133/><D133/><U45/><E122/><V40/><F21/><W78/><G109/><T82/><D100/><U103/><E103/><V14/><F14/><W98/><G98/><AGARI ba="1,1" hai="73,74,75,81,82,83,88,89,93,95,96,98,128,129" machi="98" ten="50,8000,1" yaku="9,1,34,3,54,1" doraHai="117" who="0" fromWho="3" sc="390,93,249,0,101,0,250,-83" owari="483,58,249,5,101,-40,167,-23" /></mjloggm>