<mjloggm ver="2.3"><GO type="193" lobby="0"/><UN n0="%61%6E%74%61%6B%61" n1="%E7%95%99%E8%90%8C" n2="%73%75%62%6D%61%72%69%6E" n3="%E6%96%87%E5%A4%AA" dan="12,12,10,11" rate="1719.85,1698.57,1457.15,1566.61" sx="M,M,M,M"/><TAIKYOKU oya="0"/><INIT seed="0,0,0,0,3,102" ten="250,250,250,250" oya="0" hai0="125,41,110,22,104,70,14,37,13,107,43,92,105" hai1="4,121,120,33,23,16,71,61,35,80,51,87,123" hai2="63,3,106,108,96,7,100,109,52,45,85,94,8" hai3="134,48,99,10,56,36,27,15,119,47,135,90,66"/><T54/><D70/><U31/><E4/><V93/><F85/><W86/><G119/><T83/><D83/><U49/><E71/><V95/><REACH who="2" step="1"/><F45/><REACH who="2" ten="250,250,240,250" step="2"/><W25/><G36/><T73/><D37/><U79/><E61/><V133/><F133/><N who="3" m="50699" /><G99/><T28/><D73/><U116/><E116/><V76/><F76/><W1/><G1/><T69/><D69/><U115/><E115/><V20/><F20/><W91/><G66/><T98/><D125/><U60/><E60/><V124/><F124/><W84/><G56/><AGARI ba="0,1" hai="3,7,8,52,56,63,93,94,95,96,100,106,108,109" machi="56" ten="40,8000,1" yaku="1,1,52,1,54,1,53,1" doraHai="102" doraHaiUra="2" who="2" fromWho="3" sc="250,0,250,0,240,90,250,-80" /><INIT seed="1,0,0,3,5,9" ten="250,250,330,170" oya="1" hai0="69,68,86,17,93,77,61,16,112,97,89,6,29" hai1="135,38,57,41,8,131,33,80,74,104,12,78,71" hai2="110,13,15,91,30,54,20,99,98,22,31,24,64" hai3="123,40,37,122,72,103,128,134,46,23,55,18,113"/><U67/><E33/><V53/><F110/><W87/><G72/><T101/><D112/><U105/><E71/><V133/><F64/><W63/><G113/><T62/><D29/><U132/><E38/><V48/><F133/><N who="1" m="51273" /><E41/><V106/><F106/><N who="1" m="41065" /><E131/><V21/><F91/><W39/><G39/><T121/><D121/><U59/><E67/><V51/><F22/><W50/><G134/><T25/><D6/><AGARI ba="0,0" hai="6,8,12,57,59,74,78,80" m="41065,51273" machi="6" ten="30,2900,0" yaku="20,1,52,1" doraHai="9" who="1" fromWho="0" sc="250,-29,250,29,330,0,170,0" /><INIT seed="1,1,0,4,1,123" ten="221,279,330,170" oya="1" hai0="60,125,104,116,61,30,76,35,22,63,23,27,37" hai1="20,32,97,4,102,101,133,88,47,103,77,16,74" hai2="5,117,111,83,110,40,70,38,33,28,39,112,56" hai3="92,69,132,62,44,8,94,90,0,45,75,128,98"/><U17/><E32/><V29/><F70/><W53/><G75/><T59/><D116/><U130/><E4/><V14/><F40/><W58/><G69/><T100/><D37/><N who="2" m="13834" /><F83/><W42/><G128/><T71/><D71/><U131/><E47/><V84/><F84/><W78/><G78/><T51/><D76/><U127/><E74/><V12/><F56/><W120/><G120/><T18/><D23/><U72/><E72/><V87/><F87/><W36/><G36/><T115/><D115/><U15/><E77/><V109/><F112/><W85/><G42/><T25/><D100/><U93/><E127/><V118/><F33/><W55/><G132/><T124/><D104/><U122/><E122/><V68/><F68/><W135/><G0/><T107/><D107/><U82/><E133/><V34/><F34/><W7/><G135/><T46/><REACH who="0" step="1"/><D59/><REACH who="0" ten="211,279,330,170" step="2"/><U67/><E67/><V119/><F5/><W31/><G7/><T108/><D108/><N who="2" m="27650" /><V80/><DORA hai="66" /><F80/><W54/><G8/><T99/><D99/><U11/><REACH who="1" step="1"/><E82/><REACH who="1" ten="211,269,330,170" step="2"/><V24/><F24/><AGARI ba="1,2" hai="11,15,16,17,20,24,88,93,97,101,102,103,130,131" machi="24" ten="40,12000,1" yaku="1,1,2,1,54,2,53,1" doraHai="123,66" doraHaiUra="19,1" who="1" fromWho="2" sc="211,0,269,143,330,-123,170,0" /><INIT seed="1,2,0,4,3,124" ten="211,412,207,170" oya="1" hai0="52,15,47,128,133,92,91,58,81,59,122,43,117" hai1="134,120,93,38,131,61,7,104,84,95,39,37,0" hai2="18,51,33,82,102,114,127,4,10,25,14,126,31" hai3="62,30,113,132,108,75,111,135,20,32,16,100,1"/><U64/><E104/><V48/><F102/><W35/><G75/><T6/><D122/><U77/><E120/><V65/><F65/><W21/><G100/><T56/><D117/><U27/><E27/><V13/><F51/><W40/><G40/><T60/><D133/><N who="3" m="51273" /><G62/><T66/><D128/><U129/><E134/><V42/><F82/><W79/><G79/><T71/><D81/><N who="1" m="47151" /><E0/><N who="2" m="263" /><F42/><W29/><G1/><T54/><D15/><U90/><E7/><V44/><F44/><W50/><G50/><N who="0" m="27007" /><D6/><U34/><E34/><N who="3" m="12842" /><G113/><T63/><D91/><U130/><E90/><V22/><F48/><W123/><G123/><T110/><D92/><U70/><AGARI ba="2,0" hai="37,38,39,61,64,70,93,95,129,130,131" m="47151" machi="70" ten="40,12000,1" yaku="19,1,52,3" doraHai="124" who="1" fromWho="1" sc="211,-42,412,126,207,-42,170,-42" /><INIT seed="1,3,0,2,4,19" ten="169,538,165,128" oya="1" hai0="107,11,30,1,75,47,79,106,71,93,131,105,31" hai1="62,5,128,59,115,18,23,64,104,101,36,6,63" hai2="110,96,102,120,60,13,37,69,12,116,135,83,17" hai3="97,124,89,86,56,39,53,132,84,10,73,87,21"/><U81/><E115/><V3/><F116/><W51/><G39/><T134/><D93/><U57/><E36/><V100/><F120/><W85/><G73/><T15/><D15/><U38/><E38/><V103/><F110/><W98/><N who="3" m="22016" /><DORA hai="77" /><W119/><G119/><T109/><D31/><U61/><E128/><V43/><F135/><W127/><G10/><T46/><D46/><U9/><E81/><V125/><F3/><W122/><G122/><T52/><D52/><N who="1" m="33959" /><E104/><V55/><F125/><N who="3" m="48203" /><G132/><T20/><D20/><U130/><E130/><V16/><F96/><N who="3" m="36971" /><G89/><T114/><D131/><U95/><E101/><V28/><F28/><W113/><G113/><T44/><D114/><U94/><E63/><V67/><F55/><W25/><G25/><T118/><D118/><U4/><E9/><V58/><F37/><W68/><G68/><T117/><D117/><U7/><N who="1" m="1536" /><DORA hai="123" /><U91/><E91/><V126/><F126/><W45/><G45/><T48/><D47/><U76/><E76/><V2/><F2/><W49/><G49/><T41/><D48/><U129/><E129/><V54/><F43/><W121/><G121/><T80/><D44/><U112/><E112/><V40/><F40/><W133/><G133/><T32/><D41/><U108/><E108/><V111/><F111/><W66/><G66/><T27/><D134/><U78/><E78/><V14/><F69/><W92/><G92/><T74/><D109/><U90/><E90/><V88/><REACH who="2" step="1"/><F67/><REACH who="2" ten="169,538,155,128" step="2"/><W42/><G42/><T34/><D71/><U22/><E18/><V65/><F65/><W70/><G70/><RYUUKYOKU ba="3,1" sc="169,-30,538,10,155,10,128,10" hai1="22,23,59,62,64,94,95" hai2="12,13,14,16,17,54,58,60,83,88,100,102,103" hai3="21,51,53,56" /><INIT seed="1,4,1,2,2,74" ten="139,548,165,138" oya="1" hai0="68,84,127,63,13,51,67,97,69,26,24,118,20" hai1="10,15,50,34,96,1,46,57,100,45,29,62,41" hai2="113,30,16,48,5,132,103,101,31,55,49,128,27" hai3="70,83,65,43,35,125,39,22,6,19,4,90,14"/><U89/><E1/><V134/><F113/><W80/><G35/><T8/><D118/><U77/><E77/><V52/><F5/><W75/><G39/><T58/><D127/><U66/><E34/><V109/><F109/><W7/><G70/><T123/><D123/><U73/><E73/><V71/><F71/><W28/><G43/><T105/><D26/><U98/><E29/><N who="2" m="10763" /><F128/><W86/><G65/><T32/><D32/><U117/><E117/><V114/><F114/><W42/><G42/><T37/><D37/><U59/><E89/><V116/><F116/><W115/><G28/><T18/><D51/><N who="2" m="19530" /><F27/><W81/><G75/><T92/><D105/><U131/><E100/><N who="2" m="38475" /><F16/><W93/><G115/><T130/><D84/><U40/><E131/><V102/><N who="2" m="38483" /><V53/><AGARI ba="4,1" hai="52,53,55,132,134" m="38483,19530,10763" machi="53" ten="40,8000,1" yaku="4,1,28,2,54,1" doraHai="74" who="2" fromWho="2" sc="139,-24,548,-44,165,102,138,-24" /><INIT seed="2,0,0,1,2,119" ten="115,504,267,114" oya="2" hai0="45,10,11,125,57,82,42,88,33,73,118,74,107" hai1="20,21,1,104,48,116,75,87,8,94,70,32,126" hai2="131,96,106,62,34,100,25,80,97,2,83,6,128" hai3="132,135,39,110,109,28,23,58,13,84,93,68,113"/><V30/><F96/><W27/><G68/><T105/><D107/><U76/><E70/><V53/><F53/><W127/><G39/><T22/><D105/><U44/><E32/><V90/><F90/><N who="3" m="53447" /><G113/><T112/><D33/><U7/><E116/><V86/><F83/><W102/><G58/><T41/><D118/><U120/><E104/><V54/><F54/><W77/><G102/><T26/><D42/><U65/><E65/><V121/><F62/><W69/><G69/><T52/><D11/><U37/><E37/><V35/><F35/><W101/><G101/><T72/><D10/><U38/><E38/><V81/><F81/><W29/><G77/><T36/><D112/><U4/><E4/><V17/><F17/><N who="3" m="10671" /><G27/><T130/><D130/><U16/><E120/><V61/><F61/><W9/><G9/><T111/><D111/><N who="3" m="42505" /><G127/><T12/><D125/><U19/><E126/><V56/><F56/><W49/><G49/><T98/><D12/><U60/><E76/><V108/><F108/><W40/><G40/><T122/><D122/><U134/><E48/><V0/><F80/><W91/><G91/><T79/><D88/><U114/><E114/><V43/><F43/><W71/><G71/><T85/><D98/><U92/><E60/><V15/><F15/><W18/><G18/><T124/><D124/><U14/><E1/><N who="2" m="619" /><F86/><W67/><G67/><T99/><D85/><U78/><E87/><V117/><F117/><W89/><G89/><T55/><D99/><U47/><E78/><V123/><F6/><W115/><G115/><T95/><D82/><U103/><E75/><RYUUKYOKU ba="0,0" sc="115,-15,504,-15,267,15,114,15" hai2="25,30,34,97,100,106,121,123,128,131" hai3="28,29,132,135" /><INIT seed="2,1,0,1,4,113" ten="100,489,282,129" oya="2" hai0="51,119,9,14,121,53,98,108,69,36,99,2,60" hai1="17,31,72,116,6,104,106,58,34,127,63,42,115" hai2="96,93,92,20,52,102,111,123,100,50,70,73,1" hai3="126,7,74,105,48,21,68,110,5,55,90,62,118"/><V43/><F123/><W117/><G74/><T30/><D121/><U23/><E72/><V45/><F73/><W19/><G105/><T10/><D36/><U88/><E115/><V78/><F70/><W57/><G68/><T11/><D30/><U22/><E116/><V4/><F1/><W71/><G90/><T103/><D2/><U13/><E42/><V91/><F4/><W49/><G71/><T132/><D132/><U134/><E134/><V33/><F78/><W135/><G135/><T107/><D98/><U44/><E44/><V41/><F33/><W95/><G95/><T56/><D108/><U46/><E127/><V54/><F111/><W76/><G76/><T124/><D124/><U28/><E46/><V109/><F109/><W97/><G97/><T87/><D14/><U0/><E63/><V131/><F131/><W133/><G126/><T85/><D69/><U81/><E58/><V130/><F130/><W83/><G83/><T37/><D37/><U35/><E81/><V39/><F39/><W64/><G133/><T38/><D38/><U128/><E128/><V125/><F125/><W18/><G110/><T75/><D75/><U61/><E61/><V59/><F54/><W94/><G94/><T82/><D87/><U112/><E112/><V79/><F79/><W114/><G114/><T129/><D129/><U80/><E106/><V66/><F66/><W27/><G19/><T86/><D86/><U40/><E104/><V26/><F45/><N who="3" m="28047" /><G49/><T24/><D24/><U12/><E17/><N who="2" m="12559" /><F93/><W3/><G3/><T15/><D107/><U120/><E0/><RYUUKYOKU ba="1,0" sc="100,-15,489,-15,282,15,129,15" hai2="41,43,50,52,59,91,92,96,100,102" hai3="5,7,18,21,27,57,62,64,117,118" /><INIT seed="2,2,0,3,2,64" ten="85,474,297,144" oya="2" hai0="86,89,105,103,6,100,123,75,83,109,55,8,58" hai1="115,13,87,65,129,132,30,113,61,131,29,127,91" hai2="49,70,0,46,102,11,122,5,73,48,78,12,39" hai3="93,110,99,53,130,133,81,10,111,121,114,98,67"/><V1/><F122/><W37/><G37/><T71/><D123/><U32/><E65/><V125/><F125/><W106/><G121/><T40/><D40/><U25/><E30/><V51/><F102/><W15/><G106/><T50/><D75/><U104/><E61/><V23/><F23/><W33/><G133/><T42/><D109/><N who="3" m="41481" /><G33/><T66/><D105/><U128/><E104/><V82/><F12/><W16/><G114/><N who="1" m="43530" /><E13/><V26/><F26/><W116/><G116/><T117/><D117/><U59/><E59/><V135/><F0/><W69/><G130/><T84/><D84/><U36/><E132/><V18/><F18/><W45/><G81/><T126/><D126/><U14/><E14/><V28/><F28/><W74/><G74/><T35/><D35/><U119/><E127/><V72/><F72/><W88/><G45/><T17/><D17/><U22/><E119/><V79/><F79/><W57/><G53/><T56/><D56/><U124/><E124/><V27/><F27/><W112/><G57/><T95/><D83/><N who="1" m="49663" /><E36/><V118/><F135/><W44/><G44/><T90/><D90/><U107/><E107/><V31/><F31/><W77/><G77/><T19/><D19/><U3/><E3/><V47/><F118/><W9/><G9/><T7/><D7/><U54/><E54/><V62/><REACH who="2" step="1"/><F39/><REACH who="2" ten="85,474,287,144" step="2"/><W20/><G112/><T134/><D134/><U34/><AGARI ba="2,1" hai="22,25,29,32,34,128,129,131" m="49663,43530" machi="34" ten="40,1500,0" yaku="19,1" doraHai="64" who="1" fromWho="1" sc="85,-6,474,31,287,-9,144,-6" /><INIT seed="3,0,0,3,1,74" ten="79,505,278,138" oya="3" hai0="49,101,68,14,121,81,46,63,10,3,104,102,124" hai1="34,71,95,1,134,41,93,32,29,19,36,132,65" hai2="56,11,12,53,135,77,84,69,117,86,112,116,120" hai3="30,73,16,50,60,105,123,80,75,2,126,118,6"/><W133/><G105/><T76/><D121/><U98/><E1/><V125/><F125/><W111/><G123/><T5/><D124/><U67/><E19/><V28/><F120/><W109/><G126/><T39/><D39/><U59/><E71/><V72/><F135/><N who="1" m="51753" /><E36/><V7/><F112/><W52/><G30/><T35/><D35/><N who="1" m="13355" /><E29/><V20/><F69/><W88/><G118/><T114/><D114/><U4/><E4/><V83/><F28/><W15/><G60/><T78/><D104/><U40/><E41/><V103/><F20/><N who="3" m="11295" /><G6/><T100/><D3/><U82/><E82/><V87/><REACH who="2" step="1"/><F103/><REACH who="2" ten="79,505,268,138" step="2"/><W22/><G133/><T66/><REACH who="0" step="1"/><D81/><REACH who="0" ten="69,505,268,138" step="2"/><U92/><E98/><V110/><F110/><N who="3" m="41995" /><G2/><T99/><D99/><U25/><E25/><V70/><F70/><W0/><G0/><T64/><D64/><N who="1" m="24651" /><E40/><AGARI ba="0,2" hai="5,10,14,40,46,49,63,66,68,76,78,100,101,102" machi="40" ten="40,5200,0" yaku="1,1,52,2,53,0" doraHai="74" doraHaiUra="79" who="0" fromWho="1" sc="69,72,505,-52,268,0,138,0" owari="141,-26,453,55,268,7,138,-36" /></mjloggm>