<mjloggm ver="2.3"><GO type="193" lobby="0"/><UN n0="%E3%82%80%E3%81%84" n1="%E3%81%82%E3%81%8B%E3%81%8D%E3%82%9B%E3%81%97%E3%81%91%E3%82%9B%E3%82%8B" n2="%73%75%79%61%6D%61%32%36" n3="%E7%95%99%E8%90%8C" dan="13,10,12,12" rate="1732.44,1515.37,1693.22,1618.24" sx="F,M,M,M"/><TAIKYOKU oya="0"/><INIT seed="0,0,0,4,2,99" ten="250,250,250,250" oya="0" hai0="91,8,77,90,114,0,66,22,1,127,63,3,105" hai1="125,104,86,92,30,40,58,134,93,124,55,80,103" hai2="10,72,2,73,31,54,76,39,128,120,18,100,19" hai3="87,17,34,4,133,16,106,64,43,135,49,48,53"/><T96/><D114/><U69/><E69/><V56/><F120/><W15/><G4/><T132/><D77/><U12/><E30/><V7/><F39/><W27/><G64/><T37/><D37/><U119/><E119/><V95/><F128/><W122/><G106/><T115/><D115/><U52/><E134/><N who="3" m="51210" /><G122/><T62/><D127/><N who="1" m="48715" /><E40/><V130/><F130/><W97/><G97/><T84/><D132/><U109/><E109/><V32/><F73/><W67/><G67/><T98/><D105/><U118/><E118/><V5/><F72/><W82/><G43/><T78/><D66/><U20/><E20/><V26/><F76/><N who="3" m="46535" /><G34/><T117/><D78/><N who="1" m="46359" /><E12/><V79/><F79/><W59/><G27/><T57/><D117/><U108/><E108/><V36/><F36/><W51/><G17/><T9/><D22/><AGARI ba="0,0" hai="15,16,22,48,49,51,53,59" m="46535,51210" machi="22" ten="30,2000,0" yaku="20,1,54,1" doraHai="99" who="3" fromWho="0" sc="250,-20,250,0,250,0,250,20" /><INIT seed="1,0,0,5,3,3" ten="230,250,250,270" oya="1" hai0="69,7,1,56,20,12,40,46,86,62,74,91,22" hai1="11,59,108,48,97,35,36,52,113,84,13,134,95" hai2="19,114,16,76,77,71,49,78,121,8,0,130,115" hai3="67,39,33,106,119,38,70,100,14,50,101,68,29"/><U17/><E113/><N who="2" m="43019" /><F121/><W81/><G14/><T118/><D1/><U43/><E35/><V21/><F130/><W47/><G119/><T88/><D74/><U89/><E134/><V120/><F120/><W4/><G81/><T117/><D69/><N who="3" m="26729" /><G67/><T83/><D91/><U116/><E116/><V61/><F49/><W79/><G79/><T99/><D99/><U53/><E108/><V9/><F71/><W41/><G50/><N who="0" m="26951" /><D118/><U122/><E122/><V107/><F61/><W15/><G15/><T32/><D32/><U131/><E131/><V96/><F96/><N who="3" m="61703" /><G101/><T92/><D92/><U24/><E24/><N who="2" m="14375" /><F107/><W75/><G4/><T129/><D129/><U27/><E27/><V135/><F135/><W28/><G28/><T102/><D102/><U66/><E36/><V42/><F42/><W103/><G103/><T123/><D123/><U18/><E97/><V73/><F73/><W44/><G44/><T34/><D34/><U25/><E25/><V93/><F93/><W65/><G65/><N who="0" m="39111" /><D117/><U133/><E133/><V124/><F124/><W57/><G75/><T128/><D128/><U90/><E90/><V87/><F87/><W23/><G23/><T125/><D125/><U58/><E66/><V10/><F19/><W80/><G80/><T54/><D54/><U94/><E94/><V55/><F55/><N who="1" m="21065" /><E18/><V5/><AGARI ba="0,0" hai="0,5,8,9,10,76,77,78" m="14375,43019" machi="5" ten="40,5200,0" yaku="11,1,52,1,54,1" doraHai="3" who="2" fromWho="2" sc="230,-13,250,-26,250,52,270,-13" /><INIT seed="2,0,0,5,4,0" ten="217,224,302,257" oya="2" hai0="99,36,24,80,2,115,114,109,76,134,34,128,132" hai1="63,27,74,56,23,111,105,17,47,1,69,127,103" hai2="46,97,131,12,75,85,91,60,117,120,40,107,90" hai3="123,121,84,8,26,28,95,94,79,32,71,4,122"/><V119/><F120/><W50/><G71/><T22/><D36/><U5/><E127/><V112/><F75/><W53/><G79/><T35/><D99/><U100/><E74/><V83/><F112/><W65/><G65/><T82/><D76/><U98/><E47/><V101/><F131/><W118/><G118/><T58/><D58/><U6/><E69/><V54/><F12/><W129/><G129/><T42/><D42/><U135/><E135/><V33/><F33/><N who="0" m="12298" /><D2/><U108/><E103/><V89/><F60/><W73/><G73/><T29/><D82/><U37/><E37/><V133/><F54/><W55/><G55/><T126/><D80/><U3/><E3/><V124/><F133/><N who="0" m="51306" /><D109/><N who="1" m="42059" /><E1/><V9/><F9/><W57/><REACH who="3" step="1"/><G84/><REACH who="3" ten="217,224,302,247" step="2"/><T21/><D128/><U49/><E49/><V81/><F124/><W14/><AGARI ba="0,1" hai="4,8,14,26,28,32,50,53,57,94,95,121,122,123" machi="14" ten="30,7900,0" yaku="1,1,2,1,0,1,52,1,53,0" doraHai="0" doraHaiUra="41" who="3" fromWho="3" sc="217,-20,224,-20,302,-39,247,89" /><INIT seed="3,0,0,4,2,126" ten="197,204,263,336" oya="3" hai0="91,39,45,131,15,80,66,83,92,7,128,111,74" hai1="123,35,52,133,60,4,114,8,90,132,46,57,107" hai2="63,53,124,18,41,69,81,84,23,26,79,20,12" hai3="106,125,5,95,28,105,32,115,77,76,129,62,93"/><W42/><G115/><T75/><D66/><U85/><E123/><V19/><F124/><W109/><G5/><T40/><D111/><U2/><E107/><V56/><F69/><W55/><G42/><T14/><D7/><U72/><E72/><V121/><F121/><W47/><G125/><T31/><D31/><U25/><E114/><V51/><REACH who="2" step="1"/><F41/><REACH who="2" ten="197,204,253,336" step="2"/><W102/><G106/><T21/><D75/><U113/><E113/><V96/><F96/><W110/><G105/><T38/><D74/><U24/><E35/><V134/><F134/><W10/><G109/><T130/><D39/><U9/><E9/><V29/><F29/><W0/><G110/><T37/><D38/><U13/><E2/><V33/><F33/><W98/><G32/><T82/><D21/><U97/><E97/><AGARI ba="0,1" hai="14,15,37,40,45,80,82,83,91,92,97,128,130,131" machi="97" ten="50,8000,1" yaku="19,1,52,3" doraHai="126" who="0" fromWho="1" sc="197,90,204,-80,253,0,336,0" owari="287,9,124,-38,253,-15,336,44" /></mjloggm>