<mjloggm ver="2.3"><GO type="193" lobby="0"/><UN n0="%70%65%6C%6F%74%61" n1="%4E%6F%4E%65%6E%61" n2="%61%6F%61%6F%61%6F%78%78" n3="%E7%95%99%E8%90%8C" dan="13,10,13,12" rate="1774.68,1581.48,1792.87,1739.53" sx="M,M,M,M"/><TAIKYOKU oya="0"/><INIT seed="0,0,0,2,1,1" ten="250,250,250,250" oya="0" hai0="51,110,47,87,119,84,76,22,44,11,88,52,36" hai1="117,67,14,57,78,32,33,28,17,128,2,15,73" hai2="56,116,106,68,41,113,0,118,124,9,114,59,3" hai3="79,10,70,127,8,30,77,23,100,49,132,81,21"/><T72/><D119/><N who="2" m="45610" /><F106/><W18/><G70/><T98/><D110/><U61/><E117/><V50/><F68/><W74/><G100/><T29/><D72/><U121/><E121/><V60/><F124/><W102/><G102/><T94/><D11/><U12/><E128/><V125/><F125/><W85/><G127/><T96/><D76/><U123/><E123/><V71/><F71/><W63/><G63/><T40/><D98/><U27/><E2/><N who="2" m="555" /><F9/><N who="3" m="3691" /><G74/><T104/><D104/><U111/><E111/><V25/><F25/><N who="3" m="14519" /><G132/><T99/><D99/><U38/><E38/><V37/><F60/><W6/><G6/><T65/><D65/><U89/><E89/><V43/><F37/><W34/><G34/><T75/><D75/><U109/><E109/><V120/><F120/><W91/><G49/><T13/><D29/><U130/><E130/><V107/><F107/><W35/><G35/><T69/><D69/><U122/><E122/><V115/><F50/><W39/><G39/><T131/><D131/><U45/><E45/><V48/><F48/><W31/><G23/><T16/><AGARI ba="0,0" hai="13,16,22,36,40,44,47,51,52,84,87,88,94,96" machi="16" ten="30,11700,0" yaku="0,1,54,3" doraHai="1" who="0" fromWho="0" sc="250,117,250,-39,250,-39,250,-39" /><INIT seed="0,1,0,4,0,116" ten="367,211,211,211" oya="0" hai0="46,26,86,69,1,91,95,79,97,94,78,56,89" hai1="41,105,93,50,27,106,85,31,61,44,32,54,81" hai2="22,64,18,90,92,3,88,133,126,8,13,11,110" hai3="131,37,12,28,14,17,122,59,55,47,38,113,23"/><T123/><D69/><U45/><E61/><V132/><F64/><W49/><G113/><T9/><D46/><U4/><E4/><V70/><F70/><W114/><G114/><T109/><D26/><U35/><E32/><V19/><F3/><W75/><G75/><T36/><D36/><U102/><E102/><V5/><F126/><W6/><G28/><T53/><D109/><U103/><E103/><V40/><F110/><W82/><G82/><T30/><D30/><U43/><E93/><V7/><F40/><W73/><G73/><T65/><D65/><U80/><E81/><V115/><F115/><W99/><G99/><T107/><D107/><U67/><E67/><V87/><F22/><W25/><G131/><T68/><D68/><U124/><E124/><V101/><F92/><W15/><G122/><T112/><D112/><U134/><E134/><V84/><F13/><W60/><REACH who="3" step="1"/><G6/><REACH who="3" ten="367,211,211,201" step="2"/><T0/><D123/><U71/><E71/><V127/><F101/><W128/><G128/><T21/><D0/><U72/><E72/><V108/><F127/><W117/><G117/><T129/><D129/><U130/><E130/><V125/><F125/><W100/><G100/><T2/><D2/><U52/><E54/><AGARI ba="1,1" hai="12,14,15,17,23,25,37,38,47,49,54,55,59,60" machi="54" ten="40,1300,0" yaku="1,1,53,0" doraHai="116" doraHaiUra="24" who="3" fromWho="1" sc="367,0,211,-16,211,0,201,26" /><INIT seed="1,0,0,5,0,49" ten="367,195,211,227" oya="1" hai0="102,130,103,75,11,35,97,52,0,126,127,41,4" hai1="36,90,109,22,47,27,115,61,135,84,26,117,71" hai2="9,112,46,118,72,95,15,65,132,50,34,63,107" hai3="99,104,43,96,133,54,82,64,66,5,98,106,131"/><U105/><E115/><V87/><F72/><W13/><G43/><T68/><D68/><U93/><E117/><V17/><F107/><N who="3" m="41003" /><G131/><T77/><D35/><U73/><E105/><V53/><F34/><W44/><G82/><N who="0" m="45375" /><D130/><U69/><E73/><V125/><F118/><W116/><G133/><T30/><D30/><U122/><E122/><V38/><F112/><W16/><G5/><T80/><D80/><U114/><E114/><V7/><F132/><W60/><G116/><T48/><D41/><U6/><E135/><V45/><F125/><N who="0" m="47626" /><D97/><U19/><E109/><V128/><F128/><W124/><G124/><T113/><D113/><U31/><E6/><V2/><F95/><W51/><G60/><T40/><D40/><U32/><E36/><V12/><F38/><W129/><G129/><T25/><D25/><U78/><E47/><AGARI ba="0,0" hai="0,4,11,47,48,52,102,103" m="47626,45375" machi="47" ten="30,3900,0" yaku="18,1,52,1,54,1" doraHai="49" who="0" fromWho="1" sc="367,39,195,-39,211,0,227,0" /><INIT seed="2,0,0,5,5,64" ten="406,156,211,227" oya="2" hai0="133,122,48,1,78,71,56,41,53,93,42,115,25" hai1="58,82,51,46,75,111,127,20,29,96,19,92,9" hai2="131,24,95,106,108,125,94,37,73,135,6,28,5" hai3="35,54,98,77,100,44,105,62,65,3,27,8,123"/><V61/><F73/><W38/><G123/><T22/><D1/><U90/><E111/><V55/><F37/><W30/><G77/><T128/><D122/><U120/><E120/><V88/><F106/><W134/><G3/><T119/><D115/><U45/><E127/><V107/><F107/><W91/><G8/><T7/><D7/><U66/><E75/><V83/><F125/><W113/><G134/><T87/><D133/><U124/><E124/><V40/><F135/><W126/><G126/><T4/><D4/><U10/><E82/><V17/><F40/><W72/><G72/><T97/><D128/><U81/><E81/><V84/><F131/><W118/><G118/><T34/><D34/><U14/><E29/><V13/><F108/><W39/><G91/><T121/><D121/><U67/><E46/><V50/><F61/><W117/><G117/><T43/><D119/><U57/><E67/><V68/><F68/><N who="3" m="42039" /><G113/><T21/><D71/><U103/><E66/><V99/><F24/><W129/><G129/><T49/><D78/><U86/><E103/><N who="2" m="60919" /><F28/><W110/><G110/><T70/><D87/><U47/><E45/><N who="2" m="28111" /><F95/><W89/><G89/><N who="0" m="55471" /><D70/><U69/><E69/><V130/><F130/><W85/><G85/><T52/><D25/><U74/><E74/><V101/><F101/><W16/><G16/><T132/><D132/><U18/><E19/><V15/><F15/><W59/><G44/><AGARI ba="0,0" hai="21,22,41,42,43,44,48,49,52,53,56" m="55471" machi="44" ten="30,2000,0" yaku="8,1,54,1" doraHai="64" who="0" fromWho="3" sc="406,20,156,0,211,0,227,-20" /><INIT seed="3,0,0,3,0,18" ten="426,156,211,207" oya="3" hai0="58,6,43,44,42,123,30,113,130,85,80,104,120" hai1="35,55,69,87,83,7,71,22,66,29,36,82,98" hai2="106,17,125,27,134,105,111,33,34,41,61,86,92" hai3="97,1,107,108,56,100,5,60,112,131,59,84,57"/><W20/><G112/><T62/><D113/><U23/><E36/><V54/><F125/><W47/><G84/><T76/><D104/><U73/><E73/><V2/><F2/><W117/><G117/><T40/><D130/><U52/><E7/><V115/><F41/><W8/><G47/><T63/><D6/><U48/><E98/><V101/><F115/><W53/><G131/><T14/><D14/><U70/><E29/><V46/><F134/><W64/><G108/><T79/><D30/><U99/><E99/><V19/><F105/><W124/><G124/><T65/><D63/><U9/><E9/><V74/><F106/><W28/><REACH who="3" step="1"/><G53/><REACH who="3" ten="426,156,211,197" step="2"/><N who="1" m="20554" /><E35/><V119/><F74/><W89/><G89/><T95/><D123/><U116/><E116/><V75/><F119/><W51/><G51/><T31/><D120/><U16/><E48/><V38/><F75/><W49/><G49/><T118/><D118/><U67/><E87/><V25/><F38/><W102/><G102/><T12/><D44/><U11/><E11/><V127/><F127/><W94/><G94/><T15/><D95/><U3/><E3/><V90/><F111/><W128/><G128/><T110/><D110/><U13/><E13/><V45/><F46/><W109/><G109/><T126/><D126/><U37/><E37/><V0/><F45/><W10/><G10/><T93/><D93/><U72/><E72/><V39/><F54/><W24/><AGARI ba="0,1" hai="1,5,8,20,24,28,56,57,59,60,64,97,100,107" machi="24" ten="30,6000,0" yaku="1,1,0,1,52,1,53,0" doraHai="18" doraHaiUra="50" who="3" fromWho="3" sc="426,-20,156,-20,211,-20,197,70" /><INIT seed="3,1,0,2,0,21" ten="406,136,191,267" oya="3" hai0="65,55,53,92,117,61,16,42,49,100,3,64,118" hai1="84,82,67,15,130,87,95,50,37,110,7,76,56" hai2="108,34,88,24,103,83,13,40,134,32,47,91,128" hai3="78,23,10,4,126,122,123,131,102,14,105,121,119"/><W9/><G78/><T90/><D3/><U104/><E110/><V111/><F103/><W35/><G105/><T77/><D77/><U113/><E113/><V86/><F128/><W26/><G102/><T125/><D125/><U96/><E130/><V68/><F68/><W45/><G45/><T106/><D106/><U80/><E37/><V99/><F134/><W70/><G70/><T115/><D115/><U66/><E7/><V2/><F13/><N who="3" m="5287" /><G131/><T36/><D100/><U43/><E43/><V27/><F2/><W120/><N who="3" m="31232" /><DORA hai="116" /><W63/><G63/><T11/><D36/><U51/><E104/><V46/><F99/><W19/><G119/><T81/><D42/><U69/><E69/><V75/><F86/><W38/><G38/><T93/><D65/><U132/><E132/><V6/><F6/><N who="3" m="3415" /><G126/><T129/><D129/><U73/><E15/><V79/><F79/><W74/><G74/><T8/><D81/><U109/><E109/><V101/><F40/><W30/><G19/><T18/><D64/><U89/><E73/><V127/><F101/><W112/><G112/><T33/><D61/><U124/><E124/><V54/><F75/><W1/><G1/><T60/><D60/><U25/><E67/><V20/><F127/><W41/><G41/><T85/><D85/><U71/><E71/><V39/><F39/><W114/><G114/><T28/><D90/><N who="1" m="51463" /><E66/><V29/><F111/><W58/><G58/><T62/><D62/><U135/><E135/><V133/><F108/><W12/><G12/><T59/><D59/><U52/><E51/><V98/><F133/><RYUUKYOKU ba="1,0" sc="406,-15,136,15,191,-15,267,15" hai1="25,50,52,56,76,82,87,89,95,96" hai3="23,26,30,35" /><INIT seed="3,2,0,0,5,24" ten="391,151,176,282" oya="3" hai0="29,44,61,38,17,14,63,135,53,115,134,51,70" hai1="133,87,125,26,124,79,7,5,3,13,105,119,84" hai2="22,27,85,57,45,122,18,104,2,88,11,131,12" hai3="72,37,73,48,74,35,101,75,46,121,92,43,20"/><W113/><G121/><T83/><D115/><U123/><E105/><V114/><F104/><W39/><G35/><T23/><D83/><U67/><E123/><V10/><F114/><W49/><G113/><T97/><D97/><U120/><E120/><V116/><F122/><W32/><G32/><T4/><D38/><U71/><E71/><V106/><F106/><W69/><G69/><T31/><D4/><U98/><E67/><V40/><F116/><W19/><G37/><T127/><D127/><U8/><E98/><V89/><F131/><W21/><N who="3" m="18944" /><DORA hai="111" /><W112/><G112/><T9/><D70/><U108/><E79/><V117/><F117/><W93/><G101/><T109/><D109/><U58/><E119/><V6/><F57/><W16/><G93/><T77/><D77/><U118/><E118/><V1/><F85/><W64/><G92/><T36/><D36/><U52/><E108/><V81/><F81/><W110/><G64/><T132/><D9/><U96/><E96/><V30/><F1/><W33/><G33/><T130/><D130/><U126/><E133/><V42/><F42/><W128/><G128/><T94/><D94/><U60/><E26/><V41/><F41/><W99/><G99/><T54/><D54/><U15/><E13/><V129/><F129/><W76/><G76/><T90/><D90/><U0/><E0/><V78/><F78/><W80/><G80/><T91/><D91/><U102/><E102/><V28/><F28/><AGARI ba="2,0" hai="14,17,23,28,29,31,44,51,53,61,63,132,134,135" machi="28" ten="40,8000,1" yaku="20,1,52,3" doraHai="24,111" who="0" fromWho="2" sc="391,86,151,0,176,-86,282,0" owari="477,58,151,-25,90,-41,282,8" /></mjloggm>