<mjloggm ver="2.3"><GO type="193" lobby="0"/><UN n0="%E2%80%BB%E6%B2%A1%E5%80%8B%E6%80%A7%E9%BA%BB%E9%9B%80" n1="%64%61%69%7A%65%6E" n2="%E7%95%99%E8%90%8C" n3="%74%64%36%37" dan="11,13,12,13" rate="1734.78,1782.57,1651.06,1761.85" sx="M,M,M,M"/><TAIKYOKU oya="0"/><INIT seed="0,0,0,5,5,1" ten="250,250,250,250" oya="0" hai0="84,30,93,92,62,11,76,48,131,27,5,35,73" hai1="95,108,133,61,105,135,13,68,69,111,53,124,8" hai2="12,25,47,66,70,75,123,101,96,10,46,113,21" hai3="106,94,58,78,86,33,15,90,89,57,79,115,16"/><T67/><D73/><U85/><E105/><V36/><F75/><W9/><G106/><T42/><D131/><U104/><E104/><V29/><F123/><W23/><G115/><T91/><D76/><N who="3" m="29225" /><G33/><T97/><D48/><U117/><E117/><V60/><F113/><W112/><G112/><T17/><D42/><U119/><E119/><V56/><F36/><W134/><G134/><N who="1" m="51210" /><E85/><V18/><REACH who="2" step="1"/><F70/><REACH who="2" ten="250,250,240,250" step="2"/><W109/><G109/><N who="1" m="42058" /><E124/><V43/><F43/><W6/><G90/><T22/><D97/><U26/><E69/><V132/><F132/><W14/><AGARI ba="0,1" hai="6,9,14,15,16,23,57,58,86,89,94" m="29225" machi="14" ten="30,4000,0" yaku="8,1,52,1,54,1" doraHai="1" who="3" fromWho="3" sc="250,-20,250,-10,240,-10,250,50" /><INIT seed="1,0,0,1,2,26" ten="230,240,230,300" oya="1" hai0="60,52,78,77,47,17,118,32,126,41,22,45,0" hai1="79,80,57,40,76,42,115,39,81,89,132,1,69" hai2="24,2,93,20,13,112,62,102,109,29,114,33,90" hai3="64,37,116,14,35,122,66,72,59,104,75,10,48"/><U54/><E69/><V105/><F109/><W135/><G35/><T119/><D0/><U120/><E120/><V38/><F2/><W87/><G122/><T34/><D126/><U50/><E1/><V113/><F38/><W68/><G37/><T28/><D28/><U61/><E132/><V103/><F62/><W9/><G135/><T125/><D125/><U31/><E115/><V73/><F73/><W7/><G68/><T99/><D99/><U36/><E89/><V51/><F51/><W100/><G116/><T134/><D134/><U3/><E3/><V12/><F105/><W21/><G21/><T30/><D30/><U123/><E123/><V85/><REACH who="2" step="1"/><F33/><REACH who="2" ten="230,240,220,300" step="2"/><W23/><G104/><T128/><D60/><U55/><E50/><V58/><F58/><W108/><G108/><T43/><D34/><U67/><E61/><V86/><F86/><W88/><G75/><T124/><D32/><U129/><E57/><V91/><F91/><W5/><G72/><T130/><D124/><U131/><E67/><V25/><F25/><W110/><G110/><T8/><D119/><U11/><E11/><V56/><F56/><W70/><G70/><T84/><D8/><U63/><E63/><V15/><AGARI ba="0,1" hai="12,13,15,20,24,29,85,90,93,102,103,112,113,114" machi="15" ten="40,8000,1" yaku="1,1,0,1,11,1,52,1,53,1" doraHai="26" doraHaiUra="83" who="2" fromWho="2" sc="230,-20,240,-40,220,90,300,-20" /><INIT seed="2,0,0,3,5,22" ten="210,200,310,280" oya="2" hai0="83,8,2,94,80,28,63,49,70,33,74,119,41" hai1="125,42,31,135,104,73,17,96,69,89,87,51,101" hai2="114,54,60,11,124,25,126,118,84,1,65,26,6" hai3="107,134,55,45,52,3,127,34,98,117,9,56,90"/><V5/><F118/><W46/><G117/><T132/><D119/><U130/><E73/><V24/><F114/><W105/><G134/><T76/><D132/><U53/><E69/><V43/><F5/><W116/><G116/><T92/><D83/><U72/><E72/><V115/><F43/><W61/><G34/><T111/><D111/><U78/><E78/><V112/><F54/><W59/><G127/><N who="2" m="48681" /><F84/><W99/><G3/><T27/><D8/><U120/><E135/><V79/><F79/><W47/><G9/><T109/><D2/><U23/><E120/><V133/><F133/><W39/><G39/><T93/><D109/><U58/><E125/><V123/><F123/><W121/><G121/><T16/><D49/><U77/><E77/><V30/><F30/><W75/><G75/><T0/><D41/><U18/><E130/><V68/><AGARI ba="0,0" hai="1,6,11,24,25,26,60,65,68,112,115" m="48681" machi="68" ten="30,11700,0" yaku="18,1,52,3" doraHai="22" who="2" fromWho="2" sc="210,-39,200,-39,310,117,280,-39" /><INIT seed="2,1,0,3,3,113" ten="171,161,427,241" oya="2" hai0="109,11,134,129,79,36,72,123,75,66,110,91,25" hai1="88,29,132,111,7,98,122,89,33,99,116,26,83" hai2="51,9,27,46,130,62,6,1,55,3,95,20,101" hai3="63,114,112,103,82,73,18,96,12,118,126,128,58"/><V4/><F130/><W53/><G128/><T127/><D36/><U107/><E122/><V17/><F62/><W76/><G126/><T85/><D66/><U42/><E132/><V38/><F38/><W31/><G31/><T8/><D127/><U60/><E111/><N who="0" m="42505" /><D134/><U94/><E42/><V2/><REACH who="2" step="1"/><F9/><REACH who="2" ten="171,161,417,241" step="2"/><W57/><G118/><T15/><D11/><U90/><E60/><V5/><F5/><W22/><REACH who="3" step="1"/><G58/><REACH who="3" ten="171,161,417,231" step="2"/><T34/><D123/><U40/><E116/><V64/><F64/><W44/><G44/><T120/><D120/><U77/><E77/><V70/><F70/><W106/><AGARI ba="1,2" hai="12,18,22,53,57,63,73,76,82,96,103,106,112,114" machi="106" ten="30,2000,0" yaku="1,1,0,1,53,0" doraHai="113" doraHaiUra="117" who="3" fromWho="3" sc="171,-6,161,-6,417,-11,231,43" /><INIT seed="3,0,0,4,0,84" ten="165,155,406,274" oya="3" hai0="54,38,121,108,66,118,23,128,7,133,26,10,25" hai1="4,46,103,5,124,107,70,9,51,102,120,132,14" hai2="39,57,29,24,96,33,72,65,131,22,60,80,75" hai3="116,113,94,117,44,78,109,50,40,88,36,67,17"/><W76/><G113/><T110/><D38/><U20/><E70/><V28/><F39/><W64/><G109/><N who="0" m="42091" /><D118/><U53/><E120/><V101/><F131/><W85/><G36/><T43/><D43/><U56/><E132/><V41/><F41/><W95/><G117/><T13/><D121/><U37/><E124/><V112/><F112/><W27/><G116/><T62/><D133/><U15/><E107/><V126/><F126/><W31/><G17/><N who="0" m="10671" /><D54/><U82/><E82/><V18/><F80/><W125/><G125/><T89/><D89/><U59/><E37/><V69/><F57/><W135/><G135/><T104/><D104/><U30/><E30/><V0/><F0/><W127/><G127/><T134/><D134/><U61/><E59/><V130/><F130/><W90/><G78/><T79/><D79/><U122/><E122/><V21/><F21/><N who="3" m="15855" /><G76/><T106/><D106/><U81/><E81/><V92/><F29/><W19/><G19/><T2/><D128/><U123/><E123/><V77/><F77/><W6/><G6/><T73/><D73/><U52/><E20/><V11/><F11/><AGARI ba="0,0" hai="4,5,9,11,14,15,46,51,52,53,56,61,102,103" machi="11" ten="40,5200,0" yaku="9,1,8,1,54,1" doraHai="84" who="1" fromWho="2" sc="165,0,155,52,406,-52,274,0" owari="165,-33,207,-19,354,45,274,7" /></mjloggm>