<mjloggm ver="2.3"><GO type="193" lobby="0"/><UN n0="%E3%83%AA%E3%83%9C%E3%83%B3%E3%82%B7%E3%83%88%E3%83%AD%E3%83%B3" n1="%47%4F%47%4F%E3%81%94%E3%81%86" n2="%6A%73%68%76%75%79%31%33" n3="%E7%95%99%E8%90%8C" dan="11,11,12,12" rate="1507.79,1595.78,1686.03,1692.73" sx="M,M,F,M"/><TAIKYOKU oya="0"/><INIT seed="0,0,0,4,2,48" ten="250,250,250,250" oya="0" hai0="91,105,72,117,115,106,74,84,11,133,46,59,61" hai1="26,55,15,27,119,94,65,38,36,5,100,2,66" hai2="131,135,77,24,53,123,56,16,1,28,78,7,118" hai3="104,88,42,58,132,13,79,86,95,60,29,76,73"/><T103/><D11/><U107/><E119/><V12/><F123/><W67/><G29/><T47/><D115/><U129/><E107/><V128/><F118/><W18/><G42/><T114/><D114/><U69/><E129/><N who="2" m="49739" /><F135/><W6/><G6/><T43/><D117/><U92/><E2/><V97/><F97/><W120/><G120/><T32/><D32/><U20/><E100/><V52/><F1/><W126/><G132/><T3/><D3/><U113/><E113/><V121/><F121/><W31/><G104/><T85/><D133/><U9/><E69/><V82/><F7/><W49/><G126/><T116/><D116/><U54/><E20/><N who="2" m="15367" /><F56/><W45/><G31/><T96/><D106/><U112/><E112/><V125/><F125/><W50/><G73/><T90/><D74/><U87/><E5/><V62/><F62/><W33/><G33/><T111/><D72/><U70/><E70/><V127/><F127/><W83/><G83/><T110/><D43/><U51/><E87/><N who="2" m="48591" /><F78/><N who="3" m="29739" /><G45/><T41/><D41/><U71/><E71/><V63/><F63/><W75/><G75/><T101/><D101/><U0/><E0/><V14/><F14/><W34/><G34/><T35/><D35/><U57/><E15/><V124/><F124/><W8/><AGARI ba="0,0" hai="8,13,18,49,50,58,60,67,86,88,95" m="29739" machi="8" ten="30,2000,0" yaku="8,1,54,1" doraHai="48" who="3" fromWho="3" sc="250,-10,250,-5,250,-5,250,20" /><INIT seed="1,0,0,0,0,75" ten="240,245,245,270" oya="1" hai0="83,121,107,1,115,3,2,79,73,102,66,70,92" hai1="131,29,37,112,103,19,96,87,9,90,26,43,78" hai2="91,13,135,60,52,100,27,129,6,98,42,80,116" hai3="123,45,130,63,50,113,76,40,54,122,95,11,127"/><U106/><E112/><V47/><F116/><W71/><G113/><T14/><D14/><U133/><E133/><V81/><F129/><W125/><G11/><T31/><D115/><U44/><E131/><V21/><F135/><W99/><G71/><T32/><D92/><U58/><E9/><V109/><F109/><W59/><G130/><T35/><D121/><U93/><E19/><V51/><F6/><W134/><G134/><T88/><D31/><U64/><E64/><V16/><F91/><N who="3" m="55807" /><G76/><T128/><D128/><U25/><E29/><V34/><F34/><W8/><G8/><T126/><D126/><AGARI ba="0,0" hai="40,45,50,54,59,63,122,123,125,126,127" m="55807" machi="126" ten="30,1000,0" yaku="18,1" doraHai="75" who="3" fromWho="0" sc="240,-10,245,0,245,0,270,10" /><INIT seed="2,0,0,2,2,23" ten="230,245,245,280" oya="2" hai0="27,17,63,7,12,114,49,56,30,53,86,69,21" hai1="15,5,54,78,88,44,122,81,33,52,93,32,58" hai2="85,126,133,89,37,41,113,3,100,107,116,39,129" hai3="80,90,48,131,8,98,73,13,87,16,57,96,128"/><V0/><F113/><W134/><G134/><T70/><D7/><U42/><E122/><V110/><F116/><W43/><G73/><T24/><D114/><U109/><E109/><V125/><F133/><W11/><G11/><T51/><D51/><U67/><E33/><V34/><F34/><W40/><G57/><T121/><D121/><U106/><E32/><V75/><F75/><W61/><G61/><T97/><D97/><U60/><E106/><V82/><F110/><W50/><G98/><T9/><D86/><U83/><E15/><V10/><F107/><W47/><REACH who="3" step="1"/><G96/><REACH who="3" ten="230,245,245,270" step="2"/><T99/><D99/><U62/><E5/><V135/><F135/><W105/><G105/><T59/><REACH who="0" step="1"/><D24/><REACH who="0" ten="220,245,245,270" step="2"/><U92/><E62/><V112/><F112/><W74/><G74/><T4/><D4/><U6/><E6/><V35/><F35/><W55/><G55/><AGARI ba="0,2" hai="9,12,17,21,27,30,49,53,55,56,59,63,69,70" machi="55" ten="30,3900,0" yaku="1,1,7,1,52,1,53,0" doraHai="23" doraHaiUra="130" who="0" fromWho="3" sc="220,59,245,0,245,0,270,-39" /><INIT seed="3,0,0,1,1,44" ten="279,245,245,231" oya="3" hai0="117,111,132,10,113,15,131,71,102,99,14,1,119" hai1="40,63,108,86,127,6,98,118,73,80,65,109,85" hai2="18,34,19,84,24,32,121,61,25,90,43,129,106" hai3="58,74,48,78,12,45,76,72,69,91,93,81,56"/><W20/><G69/><T110/><D71/><U55/><E118/><N who="0" m="45065" /><D99/><U123/><E123/><V96/><F43/><W35/><G35/><T28/><D102/><U47/><E6/><V38/><F38/><W105/><G105/><T66/><D66/><U36/><E127/><V46/><F34/><W95/><G12/><T37/><D37/><U23/><E73/><V128/><F32/><W42/><G20/><T8/><D131/><N who="2" m="50250" /><F121/><W77/><G58/><T82/><D82/><U2/><E2/><V94/><F61/><W122/><G122/><T11/><D132/><U64/><E23/><V92/><F106/><W59/><G59/><T88/><D88/><U16/><E98/><V125/><F125/><W89/><G56/><T29/><D1/><U52/><E63/><V21/><F46/><W54/><G42/><T126/><D126/><U31/><E31/><N who="0" m="11849" /><D113/><U120/><E120/><V103/><F18/><W134/><G134/><T30/><D30/><U104/><E104/><V41/><F41/><W13/><G13/><AGARI ba="0,0" hai="8,10,11,13,14,15,110,111" m="11849,45065" machi="13" ten="40,8000,1" yaku="28,2,34,2" doraHai="44" who="0" fromWho="3" sc="279,80,245,0,245,0,231,-80" /><AGARI ba="0,0" hai="13,19,21,24,25,84,90,92,94,96,103" m="50250" machi="13" ten="30,1000,0" yaku="19,1" doraHai="44" who="2" fromWho="3" sc="359,0,245,0,245,10,151,-10" owari="359,45,245,-15,255,6,141,-36" /></mjloggm>