<mjloggm ver="2.3"><GO type="193" lobby="0"/><UN n0="%E3%81%BC%E3%82%93%E3%81%BA%E3%81%84" n1="%E9%AB%98%E6%B5%B7%E5%8D%83%E6%AD%8C" n2="%E7%95%99%E8%90%8C" n3="%E3%81%84%E3%81%A8%E3%81%85%E3%83%BC%E3%83%BC" dan="12,11,12,12" rate="1573.92,1834.13,1695.29,1715.93" sx="M,M,M,M"/><TAIKYOKU oya="0"/><INIT seed="0,0,0,4,2,60" ten="250,250,250,250" oya="0" hai0="84,33,2,76,79,41,129,38,12,133,86,63,111" hai1="4,105,20,104,83,117,114,57,113,49,61,121,110" hai2="98,66,101,134,64,122,34,95,26,25,36,62,14" hai3="78,71,82,124,43,116,10,125,30,21,97,1,103"/><T88/><D88/><U70/><E117/><V3/><F3/><W22/><G116/><T128/><D128/><U45/><E121/><V0/><F0/><W80/><G80/><T7/><D129/><U135/><E135/><V47/><F122/><W11/><G71/><T112/><D112/><U56/><E110/><V85/><F134/><W18/><G43/><T8/><D133/><U89/><E4/><V92/><F14/><W55/><G1/><T9/><D33/><U39/><E39/><V72/><F72/><W46/><G30/><T119/><D119/><U29/><E70/><V87/><F36/><W24/><G22/><T28/><D28/><U74/><E74/><V52/><F34/><W27/><G27/><N who="2" m="10249" /><F47/><W32/><G46/><T131/><D131/><U90/><E29/><V58/><F92/><W107/><G107/><N who="1" m="41034" /><E20/><V77/><F77/><W96/><G78/><T37/><D111/><U44/><E83/><V81/><F81/><W120/><G82/><T118/><D63/><U23/><E23/><V115/><F115/><N who="1" m="44041" /><E44/><V54/><F54/><W109/><G55/><T94/><D118/><U130/><E130/><V102/><F102/><W73/><G103/><T48/><D41/><N who="1" m="24751" /><E56/><V6/><F6/><W126/><G120/><T5/><D48/><U106/><N who="1" m="41042" /><U19/><DORA hai="53" /><E19/><V35/><F35/><W91/><G32/><T15/><REACH who="0" step="1"/><D94/><REACH who="0" ten="240,250,250,250" step="2"/><U123/><E123/><V40/><F40/><W100/><G109/><T17/><D17/><U59/><E59/><V108/><F108/><W13/><G18/><T50/><D50/><U93/><E93/><RYUUKYOKU ba="0,1" sc="240,10,250,10,250,10,250,-30" hai0="2,5,7,8,9,12,15,37,38,76,79,84,86" hai1="57,61,89,90" hai2="52,58,62,64,66,85,87,95,98,101" /><INIT seed="0,1,1,0,3,40" ten="250,260,260,220" oya="0" hai0="47,78,68,96,104,31,127,100,44,63,11,94,59" hai1="6,122,60,43,131,25,92,51,5,74,19,73,76" hai2="13,55,93,27,117,125,135,35,118,26,67,46,132" hai3="50,14,61,114,102,24,85,18,84,28,130,103,23"/><T45/><D127/><U112/><E122/><V108/><F67/><W120/><G130/><T21/><D68/><U0/><E131/><V7/><F125/><W48/><G114/><T39/><D104/><U36/><E112/><V8/><F93/><W128/><G128/><T71/><D78/><U98/><E36/><V15/><F108/><W119/><G119/><N who="2" m="45577" /><F55/><W123/><G61/><T88/><D71/><U110/><E110/><V38/><F35/><W66/><G66/><N who="0" m="39295" /><D39/><U106/><E106/><V9/><F38/><W86/><G103/><T116/><D116/><U64/><E0/><V81/><F81/><W20/><REACH who="3" step="1"/><G102/><REACH who="3" ten="250,260,260,210" step="2"/><T87/><D11/><N who="2" m="4170" /><F46/><W56/><G56/><T41/><D41/><U83/><E43/><V72/><F72/><W32/><G32/><T113/><D113/><U3/><E73/><V89/><F89/><W69/><G69/><T54/><D100/><U30/><E74/><V99/><F99/><W91/><G91/><T129/><D129/><U42/><E98/><V133/><F7/><W1/><G1/><T80/><D80/><U29/><E3/><V17/><F17/><W111/><G111/><T97/><D54/><U124/><E42/><V105/><F105/><W82/><G82/><T77/><D77/><U22/><E76/><V90/><F90/><W121/><AGARI ba="1,2" hai="14,18,20,23,24,28,48,50,84,85,86,120,121,123" machi="121" ten="40,5200,0" yaku="1,1,0,1,13,1,53,0" doraHai="40" doraHaiUra="101" who="3" fromWho="3" sc="250,-27,260,-14,260,-14,210,75" /><INIT seed="1,0,0,4,1,51" ten="223,246,246,285" oya="1" hai0="76,26,68,74,40,35,85,134,65,111,133,44,22" hai1="101,59,61,112,83,55,105,89,38,115,23,102,50" hai2="58,117,80,107,129,52,104,47,86,33,122,60,125" hai3="119,124,90,41,114,48,123,4,19,81,49,46,132"/><U94/><E38/><V29/><F122/><W36/><G123/><T127/><D74/><U31/><E83/><V56/><F117/><W6/><G119/><T25/><D35/><U9/><E9/><V113/><F29/><W45/><G114/><T121/><D121/><U14/><E14/><V93/><F33/><W95/><G36/><T99/><D127/><U73/><E73/><V116/><F116/><W78/><G19/><T100/><D111/><U18/><E31/><V110/><F113/><W39/><G39/><T67/><D68/><U21/><E21/><V77/><F110/><W11/><G11/><T15/><D76/><U97/><E101/><V91/><F125/><W8/><G8/><T62/><D85/><U108/><E108/><V64/><F129/><W82/><G82/><T69/><D67/><U63/><E63/><V126/><F126/><W98/><G124/><T118/><D118/><U32/><E32/><V43/><F43/><W84/><REACH who="3" step="1"/><G132/><REACH who="3" ten="223,246,246,275" step="2"/><T13/><D26/><N who="1" m="14711" /><E50/><V27/><F27/><W66/><G66/><T37/><D134/><U71/><E71/><V16/><F80/><W128/><G128/><T79/><D133/><U28/><E28/><V1/><F77/><W75/><G75/><T2/><D2/><U3/><E3/><V30/><F1/><W20/><G20/><T24/><D79/><U42/><E42/><AGARI ba="0,1" hai="4,6,41,42,45,46,48,49,78,81,84,90,95,98" machi="42" ten="30,7700,0" yaku="1,1,7,1,9,1,8,1,53,0" doraHai="51" doraHaiUra="131" who="3" fromWho="1" sc="223,0,246,-77,246,0,275,87" /><INIT seed="2,0,0,1,2,94" ten="223,169,246,362" oya="2" hai0="93,6,86,125,52,115,7,121,58,2,130,79,65" hai1="131,84,17,29,1,45,108,98,26,104,57,89,20" hai2="4,39,114,117,16,102,88,72,66,70,19,41,47" hai3="5,83,111,38,51,69,133,123,90,87,27,32,24"/><V34/><F72/><W78/><G38/><T50/><D121/><U9/><E131/><V124/><F34/><W15/><G123/><T109/><D115/><U135/><E135/><V11/><F114/><W33/><G69/><T119/><D119/><U43/><E108/><V99/><F117/><W113/><G111/><T76/><D130/><U49/><E57/><V48/><F124/><W46/><G133/><T23/><D125/><U129/><E129/><V110/><F110/><W13/><G32/><T53/><D109/><U61/><E61/><V36/><F4/><W73/><G33/><T127/><D127/><U22/><E1/><V118/><F118/><W8/><G15/><T81/><D65/><U12/><E104/><V30/><F30/><W122/><G122/><T25/><D2/><U100/><E100/><V0/><F0/><W126/><G126/><T54/><D93/><U64/><E64/><V14/><F19/><W63/><G63/><T128/><D128/><U105/><E105/><V92/><REACH who="2" step="1"/><F102/><REACH who="2" ten="223,169,236,362" step="2"/><W77/><G113/><T107/><D107/><U18/><E18/><V68/><F68/><W106/><G73/><T3/><D3/><U60/><E60/><AGARI ba="0,1" hai="11,14,16,36,39,41,47,48,60,66,70,88,92,99" machi="60" ten="40,12000,1" yaku="1,1,52,1,54,2,53,0" doraHai="94" doraHaiUra="35" who="2" fromWho="1" sc="223,0,169,-120,236,130,362,0" /><INIT seed="2,1,0,3,2,10" ten="223,49,366,362" oya="2" hai0="50,109,64,49,118,13,57,105,123,115,104,37,6" hai1="29,111,69,125,17,124,8,62,3,106,108,16,122" hai2="94,28,131,110,70,71,26,7,38,74,34,67,129" hai3="54,98,40,133,86,102,48,42,80,101,85,103,19"/><V97/><F38/><W76/><G133/><T58/><D123/><U90/><E90/><V21/><F74/><W56/><G98/><T132/><D118/><U15/><E106/><V72/><F72/><W9/><G85/><T2/><D2/><U120/><E62/><V135/><F7/><W63/><G63/><T30/><D132/><U93/><E93/><V91/><F135/><W84/><G84/><T45/><D115/><U81/><E81/><V113/><F113/><W112/><G112/><T12/><D109/><N who="1" m="42059" /><E69/><V5/><F5/><W68/><G68/><T96/><D30/><U0/><E29/><V61/><F71/><W31/><G31/><T24/><D6/><U87/><E87/><V100/><F110/><W59/><G56/><T99/><D24/><U22/><E22/><V20/><REACH who="2" step="1"/><F100/><REACH who="2" ten="223,49,356,362" step="2"/><W60/><G103/><T78/><D37/><U25/><E25/><V92/><F92/><W18/><G102/><T46/><REACH who="0" step="1"/><D64/><REACH who="0" ten="213,49,356,362" step="2"/><U116/><E116/><V1/><F1/><N who="1" m="585" /><E17/><V39/><F39/><W95/><G19/><T127/><D127/><AGARI ba="1,2" hai="8,15,16,120,122,124,125,127" m="585,42059" machi="127" ten="40,12000,2" yaku="18,1,14,1,34,2,52,1,54,1" doraHai="10" who="1" fromWho="0" sc="213,-123,49,143,356,0,362,0" /><INIT seed="3,0,0,4,0,5" ten="90,192,356,362" oya="3" hai0="57,1,41,3,96,17,123,35,23,117,0,47,104" hai1="121,48,25,62,131,124,49,22,77,76,74,87,7" hai2="38,13,29,36,20,27,43,106,67,78,19,134,12" hai3="89,32,2,90,105,125,101,81,99,21,59,128,85"/><W115/><G115/><T133/><D117/><U52/><E121/><V118/><F118/><W132/><G32/><T86/><D123/><U4/><E124/><V91/><F106/><W82/><G2/><T58/><D133/><U114/><E131/><V50/><F78/><N who="1" m="30313" /><E74/><V46/><F67/><W66/><G128/><T39/><D86/><U42/><E114/><V120/><F120/><W113/><G132/><T14/><D35/><U16/><E87/><V135/><F91/><W80/><G113/><T95/><REACH who="0" step="1"/><D104/><REACH who="0" ten="80,192,356,362" step="2"/><U103/><E103/><AGARI ba="0,1" hai="0,1,3,14,17,23,39,41,47,57,58,95,96,103" machi="103" ten="40,2600,0" yaku="1,1,2,1,53,0" doraHai="5" doraHaiUra="30" who="0" fromWho="1" sc="80,36,192,-26,356,0,362,0" owari="116,-38,166,-23,356,16,362,45" /></mjloggm>