<mjloggm ver="2.3"><GO type="193" lobby="0"/><UN n0="%E7%95%99%E8%90%8C" n1="%52%75%62%69%6B%75%6E" n2="%E3%82%88%E3%81%86%E3%81%93%E3%81%A0%E3%82%88" n3="%54%4B%4B%4D" dan="12,9,12,12" rate="1688.83,1609.63,1724.06,1684.09" sx="M,M,M,M"/><TAIKYOKU oya="0"/><INIT seed="0,0,0,0,3,23" ten="250,250,250,250" oya="0" hai0="122,118,26,66,52,83,39,107,25,13,84,56,7" hai1="132,89,74,72,1,64,37,14,121,19,9,82,120" hai2="38,91,60,76,105,29,78,114,73,36,116,3,46" hai3="135,124,43,112,42,101,115,80,61,98,21,34,51"/><T81/><D118/><U93/><E37/><V92/><F105/><W97/><G34/><T65/><D122/><U12/><E121/><V8/><F114/><W55/><G124/><T41/><D107/><U127/><E120/><V126/><F126/><W87/><G135/><T95/><D7/><U54/><E127/><V103/><F60/><W50/><G115/><T17/><D66/><U99/><E132/><V130/><F130/><W6/><G112/><T68/><D68/><U113/><E113/><V16/><F116/><W128/><G128/><T117/><D65/><U15/><E64/><V100/><F29/><W62/><G6/><T47/><D117/><U4/><E82/><V33/><F33/><W57/><G61/><T123/><D123/><U119/><E119/><V71/><F71/><W69/><G69/><T110/><D110/><U106/><E106/><V75/><F3/><W77/><G101/><T86/><D83/><U32/><E32/><V125/><F125/><W10/><G10/><T18/><D18/><U85/><E54/><V104/><F104/><W67/><G67/><T24/><D95/><U35/><E35/><V58/><F58/><W88/><G21/><T45/><D45/><U109/><E109/><V28/><F28/><W20/><G20/><T59/><D81/><U102/><E19/><V53/><F53/><W111/><G111/><T134/><D134/><U11/><E11/><V108/><F108/><W94/><G98/><T90/><D86/><U49/><E49/><AGARI ba="0,0" hai="42,43,49,50,51,55,57,62,77,80,87,88,94,97" machi="49" ten="40,2600,0" yaku="8,1,54,1" doraHai="23" who="3" fromWho="1" sc="250,0,250,-26,250,0,250,26" /><INIT seed="1,0,0,2,1,30" ten="250,224,250,276" oya="1" hai0="26,75,50,84,103,107,92,114,31,117,55,52,110" hai1="113,6,100,59,101,96,129,105,120,95,118,13,46" hai2="24,124,58,42,91,98,79,8,134,102,99,125,64" hai3="25,38,22,93,0,106,67,23,65,80,34,53,123"/><U66/><E118/><V76/><F42/><W3/><G123/><T87/><D75/><U51/><E120/><V28/><F8/><W85/><G38/><T39/><D117/><U33/><E113/><V131/><F131/><W88/><G106/><T41/><D114/><U54/><E129/><V69/><F69/><W21/><G0/><T11/><D107/><U29/><E6/><V89/><F134/><W119/><G3/><T47/><D11/><U7/><E7/><V5/><F5/><W127/><G119/><T60/><D110/><U130/><E130/><V97/><F58/><W12/><G127/><N who="2" m="48713" /><F64/><W132/><G132/><T17/><D17/><U77/><E77/><N who="2" m="29771" /><F102/><W40/><G40/><T57/><D103/><U27/><E13/><V36/><F36/><W63/><G12/><T133/><D133/><U128/><E128/><V86/><F86/><W18/><G34/><AGARI ba="0,0" hai="24,28,34,89,91,97,98,99" m="29771,48713" machi="34" ten="30,2000,0" yaku="18,1,52,1" doraHai="30" who="2" fromWho="3" sc="250,0,224,0,250,20,276,-20" /><INIT seed="2,0,0,0,4,121" ten="250,224,270,256" oya="2" hai0="51,108,60,130,49,107,104,53,75,38,11,98,65" hai1="79,95,124,42,5,27,105,10,72,74,76,120,41" hai2="86,131,117,59,70,57,125,69,1,90,2,39,102" hai3="44,35,80,17,32,82,14,129,116,122,110,85,68"/><V30/><F117/><W84/><G122/><T43/><D38/><U31/><E120/><V55/><F39/><W56/><G116/><T47/><D75/><U3/><E105/><V64/><F131/><W58/><G129/><T77/><D77/><U9/><E124/><V81/><F125/><W100/><G68/><T48/><D130/><U36/><E42/><V71/><F30/><W103/><G44/><T89/><D11/><U15/><E95/><V114/><F114/><W20/><G14/><T115/><D115/><U119/><E119/><V37/><F37/><W6/><G17/><T33/><D33/><N who="1" m="20735" /><E15/><V62/><REACH who="2" step="1"/><F102/><REACH who="2" ten="250,224,260,256" step="2"/><N who="3" m="38955" /><G6/><T91/><D107/><U106/><E10/><V28/><F28/><W50/><G20/><T99/><D104/><U94/><E94/><V93/><F93/><W8/><G50/><AGARI ba="0,1" hai="1,2,50,55,57,59,62,64,69,70,71,81,86,90" machi="50" ten="40,2000,0" yaku="1,1,53,0" doraHai="121" doraHaiUra="18" who="2" fromWho="3" sc="250,0,224,0,260,30,256,-20" /><INIT seed="2,1,0,1,3,101" ten="250,224,290,236" oya="2" hai0="89,116,1,76,69,72,43,127,95,75,71,32,131" hai1="86,48,23,106,31,121,102,13,118,113,44,11,50" hai2="112,29,111,98,117,28,85,110,6,80,97,132,67" hai3="52,59,51,88,119,82,115,37,55,38,130,18,114"/><V2/><F67/><W92/><G119/><T123/><D95/><U8/><E113/><N who="3" m="43018" /><G130/><T70/><D89/><U33/><E118/><V42/><F112/><W94/><G82/><T81/><D43/><U7/><E121/><V79/><F117/><W68/><G68/><T54/><D54/><U93/><E11/><V78/><F132/><W47/><G18/><T128/><D116/><U73/><E33/><V124/><F42/><W122/><G122/><T129/><D123/><U45/><E73/><N who="0" m="28233" /><D81/><U21/><E50/><V9/><F124/><W107/><G94/><T96/><D96/><U3/><E45/><V22/><F79/><W15/><G15/><T57/><D57/><U53/><E31/><N who="2" m="11851" /><F22/><W4/><G4/><T5/><D76/><U66/><E3/><V103/><F103/><W17/><G17/><T26/><D127/><U87/><E66/><V24/><F24/><W12/><G12/><T40/><D40/><U133/><E133/><V126/><F126/><W14/><G14/><T77/><D77/><U58/><E58/><V25/><F25/><W63/><G107/><T0/><D5/><U105/><E102/><V16/><F16/><W64/><G64/><T46/><D46/><U90/><REACH who="1" step="1"/><E87/><AGARI ba="1,0" hai="37,38,47,51,52,55,59,63,87,88,92" m="43018" machi="87" ten="30,3900,0" yaku="11,1,54,2" doraHai="101" who="3" fromWho="1" sc="250,0,224,-42,290,0,236,42" /><INIT seed="3,0,0,0,5,116" ten="250,182,290,278" oya="3" hai0="35,43,115,57,101,10,113,106,15,124,68,4,41" hai1="5,36,7,62,30,79,53,75,80,135,131,128,111" hai2="123,104,26,103,134,78,100,132,16,73,102,107,63" hai3="88,129,67,45,97,93,40,19,71,69,52,65,9"/><W28/><G129/><N who="1" m="49738" /><E36/><V126/><F63/><W56/><G28/><T8/><D35/><U48/><E30/><V89/><F126/><W95/><G71/><T105/><D68/><U70/><E111/><V51/><F51/><N who="3" m="27047" /><G69/><T37/><D57/><N who="1" m="32935" /><E135/><N who="2" m="51755" /><F89/><N who="3" m="55471" /><G9/><N who="0" m="4519" /><D124/><U11/><E11/><N who="0" m="4137" /><D37/><U14/><E14/><V39/><F39/><W3/><G19/><T42/><D101/><U0/><E0/><V99/><F99/><N who="3" m="57831" /><G3/><T27/><D27/><U130/><E130/><V66/><F66/><AGARI ba="0,0" hai="5,7,62,66,70,75,79,80" m="32935,49738" machi="66" ten="30,1000,0" yaku="19,1" doraHai="116" who="1" fromWho="2" sc="250,0,182,10,290,-10,278,0" /><INIT seed="4,0,0,1,0,65" ten="250,192,280,278" oya="0" hai0="74,38,9,87,95,37,109,111,47,71,40,66,11" hai1="115,125,39,103,102,34,0,129,32,20,121,15,50" hai2="106,101,84,92,80,127,89,67,128,68,86,21,132" hai3="60,73,72,75,12,93,134,135,4,51,30,105,126"/><T5/><D74/><N who="3" m="18945" /><W64/><DORA hai="45" /><G30/><T94/><D87/><U35/><E121/><V97/><F132/><N who="3" m="50731" /><G126/><T10/><D5/><U3/><E125/><V130/><F127/><W7/><G105/><T107/><D107/><U24/><E115/><V46/><F21/><W85/><G12/><T33/><D33/><U18/><E129/><N who="2" m="49771" /><F46/><W104/><G104/><T118/><D118/><U113/><E113/><V79/><F67/><W29/><G29/><T1/><D1/><U114/><E114/><V98/><F68/><N who="3" m="41991" /><G51/><T22/><D22/><U19/><E39/><V131/><N who="2" m="49779" /><V6/><DORA hai="88" /><F6/><W31/><G31/><T90/><D37/><U48/><E48/><V63/><F63/><W82/><G93/><N who="0" m="35339" /><D90/><AGARI ba="0,0" hai="4,7,82,85,90" m="41991,50731,18945" machi="90" ten="40,2600,0" yaku="20,1,52,1" doraHai="65,45,88" who="3" fromWho="0" sc="250,-26,192,0,280,0,278,26" owari="224,-18,192,-31,280,8,304,41" /></mjloggm>