<mjloggm ver="2.3"><GO type="137" lobby="0"/><UN n0="%E3%81%BF%E3%81%9A%E3%81%8B" n1="%E7%95%99%E8%90%8C" n2="%4D%61%79%30%6E%65" n3="%66%75%70%61%70%61" dan="13,12,11,13" rate="1893.47,1617.14,1699.22,1752.94" sx="M,M,M,M"/><TAIKYOKU oya="0"/><INIT seed="0,0,0,5,0,12" ten="250,250,250,250" oya="0" hai0="92,71,96,39,103,100,51,105,32,24,98,59,5" hai1="123,15,40,120,44,87,124,14,109,42,133,62,30" hai2="18,79,119,82,34,64,77,91,118,65,104,88,108" hai3="80,117,127,90,89,54,72,113,110,93,74,38,78"/><T43/><D71/><U116/><E116/><N who="2" m="44587" /><F104/><W121/><G110/><T37/><D43/><U115/><E30/><V84/><F34/><W114/><G38/><T69/><D69/><U102/><E109/><V107/><F107/><W61/><G117/><T129/><D129/><U11/><E102/><V83/><F108/><W20/><G121/><T94/><D105/><U63/><E120/><V81/><F84/><W3/><G3/><T55/><REACH who="0" step="1"/><D5/><REACH who="0" ten="240,250,250,250" step="2"/><U8/><E123/><V126/><F126/><W130/><G130/><T106/><D106/><U46/><E124/><V50/><F50/><W134/><G127/><T19/><D19/><U112/><E87/><V68/><F18/><W33/><G114/><T66/><D66/><N who="2" m="25706" /><F68/><W85/><G113/><T97/><D97/><U28/><E28/><AGARI ba="0,1" hai="24,28,32,37,39,51,55,59,92,94,96,98,100,103" machi="28" ten="40,3900,0" yaku="1,1,9,1,53,0" doraHai="12" doraHaiUra="128" who="0" fromWho="1" sc="240,49,250,-39,250,0,250,0" /><INIT seed="0,1,0,3,3,115" ten="289,211,250,250" oya="0" hai0="134,67,93,131,33,77,5,12,92,128,105,41,19" hai1="119,43,71,50,108,135,9,85,31,23,116,38,97" hai2="58,8,0,16,124,104,59,83,72,45,82,22,74" hai3="49,112,47,91,70,110,35,17,68,34,106,76,101"/><T109/><D33/><U56/><E71/><V118/><F104/><W80/><G112/><T55/><D105/><U90/><E9/><V113/><F113/><W51/><G110/><T125/><D125/><U28/><E38/><V54/><F0/><W122/><G91/><T25/><D109/><U27/><E43/><V48/><F8/><W98/><G122/><T61/><D77/><U75/><E75/><V6/><F6/><W13/><G68/><T86/><D134/><U7/><E108/><V1/><F1/><W87/><G70/><T44/><D5/><U133/><E7/><V111/><F111/><W81/><G81/><T32/><D55/><U57/><E97/><V3/><F3/><W64/><G64/><T18/><D32/><U11/><E11/><V129/><F124/><W132/><G51/><T65/><D61/><U21/><E50/><V39/><F39/><W2/><G2/><T84/><D41/><U102/><E102/><V103/><F103/><W4/><G4/><T15/><D25/><U63/><E57/><V120/><F120/><W30/><G30/><T10/><D10/><U130/><E130/><V127/><F127/><W14/><G14/><T20/><D44/><U62/><E56/><N who="2" m="21547" /><F129/><W89/><G76/><T107/><D107/><U100/><E100/><V46/><F118/><N who="1" m="45097" /><E63/><V79/><F46/><W40/><G132/><N who="1" m="50762" /><E62/><V29/><F29/><N who="1" m="11337" /><E27/><N who="2" m="14791" /><F74/><W73/><G73/><T126/><D126/><U99/><E99/><V95/><F95/><AGARI ba="1,0" hai="21,23,85,90,95" m="11337,50762,45097" machi="95" ten="30,7700,0" yaku="20,1,52,3" doraHai="115" who="1" fromWho="2" sc="289,0,211,80,250,-80,250,0" /><INIT seed="1,0,0,3,5,26" ten="289,291,170,250" oya="1" hai0="57,54,21,97,114,11,79,29,19,81,44,76,90" hai1="96,98,4,35,40,131,55,91,75,2,16,133,112" hai2="9,1,64,20,66,124,65,25,18,117,36,80,31" hai3="39,23,118,52,71,105,0,115,50,89,34,110,38"/><U51/><E112/><V84/><F117/><W126/><RYUUKYOKU type="yao9" ba="0,0" sc="289,0,291,0,170,0,250,0" hai3="0,23,34,38,39,50,52,71,89,105,110,115,118,126" /><INIT seed="1,1,0,0,3,60" ten="289,291,170,250" oya="1" hai0="34,28,9,99,102,128,15,8,80,94,88,74,87" hai1="6,36,21,40,48,118,1,126,70,97,82,111,12" hai2="85,13,131,62,58,103,121,77,24,135,17,117,29" hai3="44,61,133,106,98,55,3,37,127,59,113,63,116"/><U26/><E118/><V52/><F121/><W14/><G116/><T92/><D128/><U64/><E126/><V38/><F117/><W81/><G113/><T25/><D74/><U79/><E36/><V93/><F131/><W56/><G133/><T115/><D115/><U49/><E1/><V132/><F38/><W5/><G3/><T122/><D122/><U96/><E111/><V112/><F112/><W57/><G127/><T120/><D120/><U35/><E35/><V90/><F77/><W65/><G81/><T45/><D45/><U73/><E6/><V91/><F103/><W72/><G72/><T20/><D34/><U4/><E4/><V101/><F101/><W76/><G76/><T54/><D54/><U119/><E119/><V18/><F91/><W130/><G130/><T32/><D32/><U42/><E12/><V71/><F71/><W114/><G114/><T123/><D123/><U100/><E97/><V86/><F86/><W39/><G5/><T47/><D47/><U83/><E83/><V129/><F129/><W7/><G44/><T30/><D30/><U11/><E11/><N who="0" m="4169" /><D15/><U109/><E109/><V95/><F95/><AGARI ba="1,0" hai="20,25,28,80,87,88,92,94,95,99,102" m="4169" machi="95" ten="30,2000,0" yaku="8,1,54,1" doraHai="60" who="0" fromWho="2" sc="289,23,291,0,170,-23,250,0" /><INIT seed="2,0,0,1,5,116" ten="312,291,147,250" oya="2" hai0="122,32,134,93,48,117,49,24,111,127,6,110,68" hai1="22,114,53,90,2,125,100,31,87,45,94,18,82" hai2="84,39,119,51,75,63,15,13,16,69,8,133,10" hai3="95,107,97,86,88,81,3,50,102,26,101,35,61"/><V85/><F119/><W78/><G3/><T108/><D117/><U54/><E2/><V128/><F75/><W62/><G50/><T67/><D127/><U73/><E125/><V121/><F39/><W55/><G102/><T131/><D131/><U98/><E114/><V83/><F128/><W41/><G41/><T5/><D134/><U14/><E31/><V135/><F51/><W71/><G71/><T92/><D122/><U23/><E23/><V115/><F115/><W103/><G103/><T113/><D113/><U25/><E25/><V0/><F0/><W76/><G55/><T7/><D32/><U17/><E17/><V129/><F129/><W56/><G56/><T120/><D24/><U72/><E73/><V36/><F36/><W19/><G78/><T20/><D20/><U11/><E11/><V124/><F124/><W37/><G37/><T58/><D120/><U33/><E33/><V27/><F27/><W57/><G57/><T64/><D68/><U126/><E126/><V79/><F85/><W40/><G40/><T59/><D49/><U42/><REACH who="1" step="1"/><E72/><REACH who="1" ten="312,281,147,250" step="2"/><V123/><F10/><W70/><G35/><T4/><D4/><U21/><E21/><V96/><F15/><W91/><G26/><T109/><D109/><U66/><E66/><N who="2" m="41183" /><F96/><W34/><G19/><T9/><D9/><U130/><E130/><V47/><F47/><W38/><G34/><T30/><D30/><U89/><E89/><V104/><F104/><W80/><G38/><AGARI ba="0,1" hai="14,18,22,38,42,45,53,54,82,87,90,94,98,100" machi="38" ten="30,2000,0" yaku="1,1,7,1,53,0" doraHai="116" doraHaiUra="46" who="1" fromWho="3" sc="312,0,281,30,147,0,250,-20" /><INIT seed="3,0,0,5,2,10" ten="312,311,147,230" oya="3" hai0="52,94,27,90,9,121,84,83,112,117,34,19,86" hai1="13,28,64,11,109,110,74,25,100,7,55,97,17" hai2="89,131,91,38,35,61,2,111,47,50,71,134,12" hai3="79,73,68,46,41,116,69,48,96,125,123,70,21"/><W0/><G116/><T119/><D121/><U120/><E74/><V87/><F35/><W51/><G123/><T42/><D42/><U57/><E64/><V80/><F2/><W26/><G0/><T124/><D112/><U135/><E120/><V76/><F134/><W63/><G96/><T60/><D124/><U128/><E128/><V62/><F131/><W23/><G125/><T66/><D34/><U44/><E135/><V107/><F107/><W18/><G79/><T49/><D66/><U77/><E77/><V102/><F102/><W40/><G73/><T65/><D65/><U8/><E44/><V132/><F132/><W122/><G122/><T105/><D105/><U45/><E45/><V3/><F3/><W78/><G78/><T133/><D60/><N who="2" m="23146" /><F38/><W81/><G81/><T92/><D133/><U108/><E97/><V67/><F71/><W24/><G63/><T129/><D129/><U14/><E100/><V114/><F114/><W5/><G5/><T54/><D54/><U1/><E57/><V104/><F67/><W20/><G18/><T99/><D86/><U29/><E55/><N who="2" m="30175" /><F104/><W93/><G93/><T75/><D75/><U53/><E53/><V118/><F111/><W115/><G115/><T4/><D117/><U82/><E82/><V37/><F37/><W22/><N who="3" m="5120" /><DORA hai="32" /><W101/><REACH who="3" step="1"/><G101/><REACH who="3" ten="312,311,147,220" step="2"/><T106/><D119/><U56/><E1/><V30/><F118/><W43/><G43/><T15/><D83/><U36/><E7/><V103/><F103/><W72/><G72/><T98/><D19/><U88/><E17/><V33/><F30/><RYUUKYOKU ba="0,1" sc="312,-10,311,-10,147,-10,220,30" hai3="24,26,40,41,46,48,51,68,69,70" /><INIT seed="3,1,1,5,0,33" ten="302,301,137,250" oya="3" hai0="77,6,106,44,91,73,96,1,108,32,79,23,89" hai1="99,126,83,9,50,92,105,76,25,95,111,81,55" hai2="119,71,65,45,120,97,102,61,28,118,42,63,68" hai3="29,88,4,129,100,82,116,127,98,130,35,104,36"/><W124/><G36/><T41/><D32/><U46/><E25/><V69/><F28/><W40/><G40/><T30/><D108/><U114/><E114/><V87/><F87/><N who="3" m="50295" /><G4/><T19/><D30/><U15/><E111/><V54/><F102/><W18/><G18/><T101/><D79/><U75/><E126/><N who="3" m="48170" /><G29/><T72/><D72/><U78/><E105/><V93/><F93/><W43/><G43/><T113/><D113/><U94/><E99/><V3/><F97/><W117/><G35/><T135/><D135/><U122/><E122/><V51/><F3/><W132/><G132/><T20/><D20/><U66/><E66/><V47/><F120/><W2/><G2/><T109/><D109/><U58/><E58/><V5/><F5/><W56/><G56/><T86/><D44/><U49/><E49/><V38/><REACH who="2" step="1"/><F63/><REACH who="2" ten="302,301,127,250" step="2"/><W22/><G22/><T74/><D6/><N who="1" m="3511" /><E95/><V16/><F16/><W67/><G67/><T7/><D1/><U17/><E17/><V31/><F31/><W133/><G133/><T134/><D7/><U59/><E94/><V24/><F24/><W34/><G34/><T84/><D134/><U121/><E121/><V112/><F112/><W0/><G0/><T12/><D19/><U57/><E92/><V131/><F131/><AGARI ba="1,2" hai="98,100,104,116,117,129,130,131" m="48170,50295" machi="131" ten="30,12000,1" yaku="19,1,18,1,34,2,54,1" doraHai="33" who="3" fromWho="2" sc="302,0,301,0,127,-123,250,143" /><INIT seed="3,2,0,5,4,51" ten="302,301,4,393" oya="3" hai0="39,36,60,52,57,32,128,50,125,71,94,83,42" hai1="95,97,127,112,101,92,114,124,48,43,106,103,93" hai2="5,10,34,33,74,75,90,11,79,12,115,132,30" hai3="73,109,135,129,100,21,16,88,0,35,9,120,78"/><W49/><G120/><T13/><D32/><U118/><E43/><V59/><F90/><W63/><G135/><T119/><D119/><U81/><E48/><V25/><F79/><W98/><G129/><T23/><D125/><N who="1" m="48203" /><E81/><V87/><F87/><W116/><G35/><N who="2" m="13321" /><F59/><W131/><G116/><T134/><D134/><U53/><E118/><V22/><F75/><W26/><G131/><T44/><D128/><U113/><E53/><V38/><F38/><W46/><G109/><T104/><D104/><U66/><E66/><V28/><F74/><W91/><G63/><T110/><D110/><U61/><E61/><V84/><F84/><W67/><G67/><N who="0" m="41447" /><D94/><U102/><AGARI ba="2,0" hai="92,93,95,97,101,102,103,106,112,113,114" m="48203" machi="102" ten="40,5200,0" yaku="18,1,34,2" doraHai="51" who="1" fromWho="1" sc="302,-15,301,58,4,-15,393,-28" owari="287,-11,359,16,-11,-51,365,46" /></mjloggm>