<mjloggm ver="2.3"><GO type="193" lobby="0"/><UN n0="%E6%B5%B7%E5%BA%95%E3%81%AB%E3%82%93%E3%81%AB%E3%82%93" n1="%4B%54%41%4B%41" n2="%E7%95%99%E8%90%8C" n3="%73%6F%6C%66%61" dan="11,11,12,12" rate="1634.22,1578.33,1646.61,1673.21" sx="M,M,M,M"/><TAIKYOKU oya="0"/><INIT seed="0,0,0,5,0,120" ten="250,250,250,250" oya="0" hai0="105,73,31,42,77,27,90,29,66,61,102,52,55" hai1="131,35,75,47,88,82,100,87,22,34,12,119,49" hai2="129,58,62,115,112,26,91,56,122,45,121,99,33" hai3="57,65,13,51,41,78,15,97,130,24,123,4,93"/><T54/><D77/><U134/><E119/><V109/><F45/><W19/><G123/><N who="2" m="47113" /><F91/><W74/><G130/><T135/><D73/><U106/><E131/><V85/><F99/><W95/><G78/><T6/><D6/><U127/><E134/><V133/><F85/><W80/><G80/><T107/><D135/><U124/><E75/><V108/><F133/><W11/><G74/><T92/><D42/><U70/><E70/><V96/><F96/><W40/><G24/><T111/><D102/><U21/><E100/><V86/><F86/><W83/><G83/><T8/><D8/><U53/><E106/><V32/><F26/><W63/><G51/><T9/><D9/><U37/><E37/><V2/><F2/><W68/><G68/><T0/><D0/><U125/><REACH who="1" step="1"/><E12/><REACH who="1" ten="250,240,250,250" step="2"/><V28/><F129/><W81/><G81/><T50/><D107/><U72/><E72/><V113/><F28/><W84/><G84/><T69/><D105/><U118/><E118/><V116/><F116/><W64/><G64/><T17/><D31/><U25/><E25/><V30/><F30/><W43/><G97/><T48/><D29/><U89/><E89/><V20/><F20/><AGARI ba="0,1" hai="4,11,13,15,19,20,40,41,43,57,63,65,93,95" machi="20" ten="40,1300,0" yaku="8,1" doraHai="120" who="3" fromWho="2" sc="250,0,240,0,250,-13,250,23" /><AGARI ba="0,0" hai="20,21,22,34,35,47,49,53,82,87,88,124,125,127" machi="20" ten="40,5200,0" yaku="1,1,18,1,54,1,53,0" doraHai="120" doraHaiUra="67" who="1" fromWho="2" sc="250,0,240,52,237,-52,273,0" /><INIT seed="1,0,0,1,3,21" ten="250,292,185,273" oya="1" hai0="39,66,49,93,40,80,20,7,130,29,120,105,17" hai1="86,28,126,58,112,36,113,95,63,127,121,75,67" hai2="0,135,90,79,74,94,22,54,102,123,61,47,26" hai3="88,32,134,27,125,76,117,3,107,46,31,38,1"/><U110/><E121/><V73/><F0/><W55/><G117/><T99/><D105/><U23/><E36/><V98/><F123/><W8/><G125/><N who="1" m="47626" /><E75/><V83/><F135/><W65/><G134/><T109/><D39/><U5/><E5/><V108/><F108/><W59/><G107/><T103/><D120/><U71/><E71/><V50/><F61/><W91/><G76/><T97/><D97/><U24/><E110/><V30/><REACH who="2" step="1"/><F102/><REACH who="2" ten="250,292,175,273" step="2"/><W14/><G1/><T35/><D109/><U81/><E95/><V52/><F52/><W128/><G3/><T48/><D130/><U119/><E119/><V42/><F42/><W45/><G128/><T41/><D66/><U12/><E12/><V96/><F96/><W72/><G65/><T68/><D68/><U133/><E133/><V85/><AGARI ba="0,1" hai="22,26,30,47,50,54,73,74,79,83,85,90,94,98" machi="85" ten="20,5200,0" yaku="1,1,0,1,7,1,52,1,53,0" doraHai="21" doraHaiUra="114" who="2" fromWho="2" sc="250,-13,292,-26,175,62,273,-13" /><INIT seed="2,0,0,3,5,134" ten="237,266,237,260" oya="2" hai0="103,80,9,5,84,109,53,94,67,18,47,106,39" hai1="95,97,104,24,82,129,92,78,124,73,48,98,76" hai2="8,3,25,112,99,121,26,69,66,96,50,35,116" hai3="111,119,63,46,31,100,62,126,75,90,87,1,107"/><V64/><F121/><W36/><G119/><T49/><D109/><U0/><E0/><V28/><F116/><W125/><G75/><T38/><D106/><U4/><E4/><V55/><F112/><W52/><G1/><T122/><D122/><U135/><E24/><V43/><F43/><W40/><G111/><T88/><D67/><U21/><E21/><V14/><F3/><W123/><G123/><T12/><D5/><U91/><E48/><V127/><F127/><N who="3" m="48651" /><G31/><T33/><REACH who="0" step="1"/><D33/><REACH who="0" ten="227,266,237,260" step="2"/><U133/><E124/><V115/><F66/><W16/><G107/><T110/><D110/><U6/><E6/><V71/><F64/><W32/><G32/><T51/><D51/><U89/><E104/><V27/><F50/><N who="3" m="28759" /><G100/><T120/><D120/><U10/><E10/><V70/><F115/><W19/><G40/><T93/><D93/><U7/><E7/><V68/><F68/><W108/><G108/><T102/><D102/><U29/><E29/><V42/><F71/><W59/><G36/><T58/><D58/><U54/><E129/><V17/><F70/><W117/><G117/><T30/><D30/><U13/><E13/><V61/><F69/><W15/><G15/><T77/><D77/><N who="1" m="44335" /><E54/><V118/><F55/><N who="3" m="34175" /><G63/><T114/><D114/><U44/><E44/><V22/><F118/><W2/><G2/><T128/><D128/><U57/><E57/><V79/><F42/><W37/><G37/><T20/><D20/><U65/><E65/><V11/><F8/><W72/><G72/><T56/><D56/><U60/><E60/><V86/><F61/><W130/><G130/><RYUUKYOKU ba="0,1" sc="227,10,266,10,237,-30,260,10" hai0="9,12,18,38,39,47,49,53,80,84,88,94,103" hai1="76,78,89,91,92,95,97,98,133,135" hai3="16,19,87,90" /><INIT seed="3,1,1,5,3,134" ten="237,276,207,270" oya="3" hai0="37,75,77,27,120,129,58,93,22,24,17,88,98" hai1="121,89,87,15,70,18,135,133,130,61,59,66,64" hai2="3,28,68,83,60,96,80,62,23,91,6,78,50" hai3="122,2,45,51,44,95,13,90,0,115,36,118,86"/><W43/><G122/><T72/><D37/><U55/><E121/><V73/><F28/><W9/><G118/><T74/><D120/><U104/><E104/><V67/><F23/><W47/><G115/><T30/><D129/><U125/><E125/><V92/><F50/><W108/><G108/><T11/><D11/><U110/><E110/><V76/><F60/><W84/><G84/><T114/><D114/><U124/><E124/><V35/><F35/><W99/><G99/><T48/><D77/><U10/><E130/><V131/><F131/><W40/><REACH who="3" step="1"/><G45/><REACH who="3" ten="237,276,207,260" step="2"/><T85/><D75/><U126/><E126/><V71/><F96/><W106/><G106/><T101/><D58/><U8/><E8/><V112/><F3/><W33/><G33/><T56/><D56/><U63/><E70/><V7/><F112/><W123/><G123/><T5/><D5/><AGARI ba="1,2" hai="0,2,5,9,13,36,40,43,44,47,51,86,90,95" machi="5" ten="30,11600,0" yaku="1,1,7,1,53,2" doraHai="134" doraHaiUra="39" who="3" fromWho="0" sc="237,-119,276,0,207,0,260,139" owari="118,-38,276,8,207,-19,399,49" /></mjloggm>