<mjloggm ver="2.3"><GO type="137" lobby="0"/><UN n0="%E3%83%87%E3%82%B6%E3%83%BC%E3%83%88%E3%82%B9%E3%83%88%E3%83%BC%E3%83%A0" n1="%E5%8D%83%E8%91%89%E3%82%AE%E3%82%B3" n2="%E7%95%99%E8%90%8C" n3="%E6%B7%B7%E5%87%9D%E5%9C%9F" dan="11,12,12,12" rate="1598.91,1784.67,1608.05,1680.04" sx="M,F,M,M"/><TAIKYOKU oya="0"/><INIT seed="0,0,0,3,3,109" ten="250,250,250,250" oya="0" hai0="11,110,9,128,113,72,107,127,40,28,93,7,52" hai1="119,105,123,98,94,91,29,103,0,21,90,49,76" hai2="26,51,75,66,65,99,130,100,8,50,58,20,73" hai3="18,13,80,17,102,122,2,135,44,78,111,89,121"/><T35/><D113/><U88/><E123/><V38/><F38/><W85/><G111/><T45/><D107/><U60/><E119/><V46/><F8/><W84/><G2/><T1/><D72/><U108/><E0/><V34/><F130/><W124/><G124/><T92/><D128/><U95/><E108/><V116/><F116/><W118/><G118/><T67/><D127/><U112/><E76/><V25/><F34/><W68/><G68/><T15/><D110/><U24/><E112/><V134/><F134/><W70/><G70/><T36/><D67/><N who="2" m="25610" /><F58/><W42/><G135/><T114/><D114/><U69/><E69/><V33/><F33/><W62/><G62/><T83/><D83/><U55/><REACH who="1" step="1"/><E60/><REACH who="1" ten="250,240,250,250" step="2"/><V79/><F79/><W48/><G122/><T10/><D52/><U96/><E96/><V6/><F75/><W53/><G121/><T12/><D35/><U133/><E133/><V23/><F73/><W115/><G115/><T86/><D28/><U101/><E101/><V57/><F100/><W47/><G102/><T97/><D86/><U104/><E104/><V59/><F99/><W63/><G63/><T16/><REACH who="0" step="1"/><D97/><REACH who="0" ten="240,240,250,250" step="2"/><U61/><E61/><V87/><F87/><W19/><G85/><T126/><D126/><U132/><E132/><V56/><F6/><AGARI ba="0,2" hai="1,6,7,9,10,11,12,15,16,36,40,45,92,93" machi="6" ten="30,5800,0" yaku="1,1,7,1,54,1,53,0" doraHai="109" doraHaiUra="82" who="0" fromWho="2" sc="240,78,240,0,250,-58,250,0" /><INIT seed="0,1,0,5,2,68" ten="318,240,192,250" oya="0" hai0="35,31,1,38,40,64,108,34,42,123,37,58,72" hai1="6,99,8,101,18,95,17,121,49,114,45,97,63" hai2="127,85,102,3,88,5,30,33,87,22,39,132,4" hai3="76,96,110,23,2,47,129,80,100,116,122,48,126"/><T82/><D123/><U131/><E121/><V125/><F39/><N who="0" m="14858" /><D1/><U10/><E131/><V84/><F102/><W93/><G122/><T46/><D31/><U0/><E114/><V65/><F65/><W29/><G110/><T120/><D120/><U133/><E10/><V94/><F33/><N who="0" m="12298" /><D82/><U103/><E133/><V24/><F132/><W43/><G126/><N who="2" m="48137" /><F3/><W111/><G129/><T86/><D86/><AGARI ba="1,0" hai="4,5,22,24,30,84,85,86,87,88,94" m="48137" machi="86" ten="30,2000,0" yaku="18,1,54,1" doraHai="68" who="2" fromWho="0" sc="318,-23,240,0,192,23,250,0" /><INIT seed="1,0,0,2,5,113" ten="295,240,215,250" oya="1" hai0="28,42,13,4,71,57,51,83,18,5,102,9,39" hai1="118,45,104,106,86,112,132,91,134,19,85,48,60" hai2="25,6,58,101,111,126,123,29,0,67,10,27,56" hai3="30,75,12,31,92,109,14,82,7,1,43,76,89"/><U105/><E112/><V72/><F111/><W110/><G43/><T69/><D39/><U115/><E115/><V63/><F72/><W73/><G73/><T122/><D122/><U80/><E60/><V77/><F123/><W35/><G35/><T135/><D135/><N who="1" m="51755" /><E19/><V100/><F77/><W94/><G94/><T90/><D83/><U47/><E48/><V44/><F44/><W131/><G131/><T107/><D28/><U133/><N who="1" m="51763" /><U70/><DORA hai="120" /><E70/><V37/><F37/><W50/><G50/><T61/><D90/><N who="1" m="51495" /><E118/><V32/><F126/><W16/><G1/><T125/><D125/><U40/><E40/><V114/><F114/><W3/><G3/><T93/><D107/><U121/><E121/><V2/><F2/><W46/><G46/><N who="0" m="26071" /><D71/><U23/><E23/><V116/><F116/><W119/><G119/><T64/><D69/><U65/><E65/><V54/><REACH who="2" step="1"/><F27/><REACH who="2" ten="295,240,205,250" step="2"/><W103/><G12/><T53/><D64/><U52/><E47/><V127/><F127/><W74/><G74/><T79/><D79/><U84/><E84/><V68/><F68/><W20/><G7/><T129/><D129/><U8/><E8/><V88/><F88/><W21/><G103/><T97/><AGARI ba="0,1" hai="4,5,9,13,18,53,57,61,93,97,102" m="26071" machi="97" ten="30,1100,0" yaku="8,1" doraHai="113,120" who="0" fromWho="0" sc="295,21,240,-5,205,-3,250,-3" /><INIT seed="2,0,0,5,4,131" ten="316,235,202,247" oya="2" hai0="130,19,53,5,107,26,65,120,25,76,14,97,127" hai1="60,74,8,128,24,3,81,32,132,71,82,6,102" hai2="37,77,54,7,21,124,50,64,29,126,22,57,35" hai3="42,84,69,41,13,79,59,88,75,122,34,86,80"/><V123/><F123/><W78/><G122/><T31/><D120/><U18/><E128/><V125/><F37/><W111/><G69/><T43/><D130/><U113/><E113/><V30/><F77/><W48/><G111/><T91/><D127/><U56/><E74/><V129/><F129/><W10/><G34/><T67/><D107/><U95/><E71/><V87/><F87/><W2/><G2/><T135/><D76/><U49/><E49/><V15/><F64/><W103/><G103/><T85/><D5/><U33/><E33/><V100/><F100/><W104/><G104/><T108/><D97/><U0/><E0/><V92/><F92/><W121/><G121/><T58/><D43/><U133/><E102/><V39/><F39/><W28/><G28/><N who="2" m="10857" /><F35/><W116/><G116/><T17/><D108/><U118/><E32/><V51/><F51/><W106/><G106/><T72/><D72/><U66/><E95/><V115/><F115/><W101/><G79/><T63/><D31/><U119/><E118/><V61/><F61/><W94/><G101/><T55/><D14/><U112/><E112/><V45/><F57/><W98/><G75/><T11/><D11/><AGARI ba="0,0" hai="7,11,15,21,22,45,50,54,124,125,126" m="10857" machi="11" ten="40,2000,0" yaku="18,1" doraHai="131" who="2" fromWho="0" sc="316,-20,235,0,202,20,247,0" /><INIT seed="2,1,0,1,3,60" ten="296,235,222,247" oya="2" hai0="53,57,3,27,118,130,26,104,20,91,125,40,21" hai1="34,75,28,37,82,58,85,22,61,81,83,32,62" hai2="110,9,36,115,47,133,72,1,46,8,99,44,18" hai3="86,103,124,87,19,119,88,113,59,93,23,39,69"/><V78/><F115/><W29/><G119/><T67/><D104/><U7/><E37/><V96/><F36/><W68/><G68/><T109/><D3/><U132/><E7/><V38/><F38/><W50/><G69/><T102/><D109/><U31/><E132/><V70/><F70/><W54/><G113/><T52/><D125/><U107/><E107/><V10/><F133/><W117/><G124/><T51/><D130/><U13/><E75/><V80/><F110/><W45/><G117/><T66/><D118/><U33/><E13/><V12/><REACH who="2" step="1"/><F1/><REACH who="2" ten="296,235,212,247" step="2"/><W76/><G39/><T14/><D102/><U49/><E49/><V135/><F135/><W127/><G103/><T64/><D91/><U108/><E108/><V41/><F41/><W24/><G127/><T74/><D40/><U55/><E22/><AGARI ba="1,1" hai="8,9,10,12,18,22,44,46,47,72,78,80,96,99" machi="22" ten="40,2000,0" yaku="1,1,53,0" doraHai="60" doraHaiUra="25" who="2" fromWho="1" sc="296,0,235,-23,212,33,247,0" /><INIT seed="2,2,0,4,0,134" ten="296,212,245,247" oya="2" hai0="74,72,45,17,73,92,37,89,7,48,57,69,13" hai1="111,12,117,110,76,29,44,20,41,126,46,2,54" hai2="84,58,79,0,23,19,108,133,97,80,88,86,78" hai3="30,55,25,18,61,34,113,50,60,4,56,8,65"/><V85/><F0/><W33/><G113/><T63/><D69/><U90/><E117/><V32/><F32/><W26/><G34/><T81/><D37/><U107/><E107/><V31/><F31/><W67/><G33/><T16/><D81/><U49/><E2/><V130/><F58/><W128/><G128/><T115/><D115/><U9/><E76/><N who="2" m="29227" /><F130/><W22/><G26/><T98/><D7/><U129/><E129/><V62/><F62/><W124/><G124/><T96/><D96/><U120/><E120/><V109/><F133/><W6/><G6/><T83/><D83/><U127/><E29/><V42/><F42/><W64/><REACH who="3" step="1"/><G30/><REACH who="3" ten="296,212,245,237" step="2"/><T135/><D135/><U47/><E20/><V102/><F23/><W27/><G27/><T93/><D72/><U51/><E47/><V66/><F19/><W28/><G28/><T82/><D73/><U131/><E131/><V112/><F112/><W121/><G121/><T94/><D74/><U119/><E119/><V68/><F68/><W100/><G100/><T53/><D17/><N who="1" m="8335" /><E90/><V10/><F10/><W91/><G91/><T125/><D125/><AGARI ba="2,1" hai="41,44,46,49,51,54,110,111,125,126,127" m="8335" machi="125" ten="30,7700,0" yaku="18,1,52,3" doraHai="134" who="1" fromWho="0" sc="296,-83,212,93,245,0,237,0" /><INIT seed="3,0,0,4,2,95" ten="213,305,245,237" oya="3" hai0="103,27,99,77,40,46,63,125,65,0,98,23,21" hai1="74,111,57,87,17,72,124,39,48,119,110,83,135" hai2="33,66,68,7,10,19,55,44,118,92,5,34,129" hai3="54,104,73,82,132,105,22,69,29,67,47,3,26"/><W59/><G3/><T122/><D0/><U18/><E119/><V80/><F118/><W45/><G132/><T75/><D122/><U32/><E135/><V51/><F129/><W88/><G104/><T4/><D125/><U50/><E39/><V126/><F126/><W97/><G105/><T6/><D75/><U52/><E124/><V106/><F106/><W133/><G133/><T28/><D103/><U79/><E32/><V61/><F92/><W38/><G38/><T100/><D77/><U86/><E86/><V130/><F130/><W78/><G69/><T36/><D100/><U60/><E48/><V37/><F37/><W101/><G67/><T25/><D6/><U134/><E134/><V76/><F33/><W12/><G12/><T85/><D85/><U14/><E18/><V113/><F113/><W8/><G8/><T41/><D41/><U115/><E115/><V84/><F34/><W96/><G101/><T53/><D53/><U20/><REACH who="1" step="1"/><E50/><REACH who="1" ten="213,295,245,237" step="2"/><V109/><F68/><W94/><REACH who="3" step="1"/><G97/><REACH who="3" ten="213,295,245,227" step="2"/><T30/><REACH who="0" step="1"/><D4/><REACH who="0" ten="203,295,245,227" step="2"/><U107/><E107/><V49/><F5/><W64/><G64/><T42/><D42/><U11/><E11/><V131/><F7/><W16/><G16/><T56/><AGARI ba="0,3" hai="21,23,25,27,28,30,36,40,46,56,63,65,98,99" machi="56" ten="20,12000,2" yaku="1,1,0,1,7,1,9,1,52,2,53,0" doraHai="95" doraHaiUra="31" who="0" fromWho="0" sc="203,150,295,-30,245,-30,227,-60" /><INIT seed="4,0,0,1,4,22" ten="353,265,215,167" oya="0" hai0="72,124,102,123,85,40,31,110,5,76,24,109,56" hai1="91,0,93,34,87,50,121,89,116,115,78,47,44" hai2="12,1,100,17,35,98,83,126,66,65,118,25,15" hai3="101,86,57,82,94,2,130,6,60,117,7,38,63"/><T75/><D123/><U4/><E121/><V95/><F1/><W125/><G117/><T129/><D124/><U71/><E116/><V39/><F126/><W105/><G105/><T33/><D129/><U23/><E71/><V48/><F39/><W43/><G130/><T51/><D102/><U84/><E34/><V49/><F118/><W42/><G125/><T18/><D5/><U108/><E78/><V54/><F83/><W70/><G70/><T21/><D85/><U133/><E108/><N who="0" m="41577" /><D76/><U41/><E133/><V113/><F113/><W52/><G63/><T30/><D30/><U37/><E4/><V9/><F15/><W79/><G38/><T92/><D92/><U19/><E0/><V32/><F32/><W112/><G112/><T36/><D36/><U46/><E115/><V64/><F54/><W8/><G7/><T90/><D90/><U59/><E59/><V20/><REACH who="2" step="1"/><F35/><REACH who="2" ten="353,265,205,167" step="2"/><W58/><G58/><T88/><D33/><U55/><E55/><V53/><F53/><W131/><G131/><T119/><D119/><U67/><E67/><V122/><F122/><W14/><G2/><T10/><D24/><U132/><E132/><V69/><F69/><W3/><G3/><T135/><D135/><U29/><E37/><V107/><F107/><W26/><G26/><T11/><D31/><AGARI ba="0,1" hai="9,12,17,20,25,31,48,49,64,65,66,95,98,100" machi="31" ten="40,5200,0" yaku="1,1,8,1,52,1,53,0" doraHai="22" doraHaiUra="134" who="2" fromWho="0" sc="353,-52,265,0,205,62,167,0" /><INIT seed="5,0,0,2,0,129" ten="301,265,267,167" oya="1" hai0="86,38,102,28,40,66,68,131,11,62,75,39,87" hai1="111,72,3,90,45,70,56,8,132,55,92,93,6" hai2="9,27,32,7,103,106,16,120,35,25,4,89,73" hai3="59,42,30,65,99,20,74,135,54,57,49,110,43"/><U107/><E70/><V78/><F73/><W133/><G74/><T82/><D75/><U64/><E72/><V119/><F119/><W13/><G13/><T76/><D131/><U51/><E107/><V80/><F78/><W109/><G99/><T98/><D87/><U23/><E111/><N who="3" m="42506" /><G30/><T2/><D28/><U85/><E132/><N who="3" m="50762" /><G20/><T46/><D39/><U19/><E64/><V113/><F120/><W71/><G71/><T95/><D11/><U17/><E17/><V24/><F80/><W15/><G15/><T96/><D96/><U26/><E45/><V1/><F89/><W105/><G105/><T100/><D2/><U79/><E79/><V104/><F103/><AGARI ba="0,0" hai="38,40,46,62,66,68,76,82,86,95,98,100,102,103" machi="103" ten="30,1000,0" yaku="7,1" doraHai="129" who="0" fromWho="2" sc="301,10,265,0,267,-10,167,0" /><INIT seed="6,0,0,1,3,9" ten="311,265,257,167" oya="2" hai0="44,103,109,75,49,8,98,119,63,35,126,102,68" hai1="124,7,77,5,40,108,83,84,36,16,92,54,106" hai2="42,91,58,86,37,74,95,26,55,132,0,89,105" hai3="6,51,80,15,97,48,30,28,111,73,117,123,47"/><V52/><F0/><W104/><G111/><T85/><D109/><U2/><E108/><V121/><F121/><W67/><G123/><T99/><D75/><U62/><E106/><V31/><F74/><W115/><G117/><T22/><D35/><U59/><E2/><V125/><F105/><W46/><G115/><T90/><D126/><U127/><E36/><V79/><F125/><W32/><G32/><T66/><D119/><U70/><E40/><V38/><F132/><W87/><G104/><T82/><D22/><U17/><E127/><V122/><F122/><W69/><G73/><T33/><D33/><U129/><E129/><V4/><F4/><W3/><G3/><T116/><D116/><U56/><E124/><V131/><F131/><W10/><G97/><T43/><D8/><U19/><E70/><V71/><F71/><W72/><G72/><T61/><D61/><U39/><E39/><V57/><F42/><W41/><G67/><T23/><D23/><U107/><E107/><V88/><F37/><W34/><G34/><T120/><D120/><U81/><E81/><N who="2" m="47423" /><F38/><W27/><G27/><T21/><D21/><U25/><E25/><V29/><F95/><W24/><G24/><T112/><D112/><U60/><E92/><V53/><F26/><W93/><G93/><T18/><REACH who="0" step="1"/><D18/><REACH who="0" ten="301,265,257,167" step="2"/><U100/><E100/><AGARI ba="0,1" hai="43,44,49,63,66,68,82,85,90,98,99,100,102,103" machi="100" ten="40,2600,0" yaku="1,1,2,1,53,0" doraHai="9" doraHaiUra="114" who="0" fromWho="1" sc="301,36,265,-26,257,0,167,0" /><INIT seed="7,0,0,4,3,57" ten="337,239,257,167" oya="3" hai0="76,28,123,52,62,51,108,22,10,132,53,0,120" hai1="94,125,102,107,118,82,46,64,7,58,56,129,55" hai2="17,48,117,42,92,97,39,38,8,21,13,30,29" hai3="75,79,69,77,113,126,31,85,34,14,36,93,6"/><W112/><G126/><T103/><D108/><U59/><E125/><V12/><F117/><W20/><G36/><T4/><D132/><U88/><E118/><V105/><F105/><W70/><G75/><T47/><D76/><U2/><E129/><V32/><F38/><W3/><G34/><T25/><D103/><U91/><E107/><V60/><F39/><W67/><G3/><T90/><D90/><U54/><E102/><V98/><F60/><W86/><G6/><T135/><D135/><U37/><E37/><V109/><F109/><W133/><G133/><T116/><D116/><U119/><E119/><V127/><F127/><W71/><G67/><T27/><D27/><U114/><E114/><N who="3" m="44138" /><G31/><N who="2" m="11785" /><F32/><W110/><G110/><T99/><D99/><U5/><E2/><V100/><F97/><W65/><G65/><T40/><D40/><U89/><E64/><V83/><F83/><W18/><G93/><T106/><D106/><U15/><E82/><V128/><F128/><W134/><G134/><T19/><D28/><U78/><E78/><AGARI ba="0,0" hai="14,18,20,69,70,71,77,78,79,85,86" m="44138" machi="78" ten="40,2000,0" yaku="15,1" doraHai="57" who="3" fromWho="1" sc="337,0,239,-20,257,0,167,20" /><INIT seed="7,1,0,4,0,82" ten="337,219,257,187" oya="3" hai0="35,43,14,109,130,102,98,132,108,105,13,20,10" hai1="92,26,66,111,62,123,89,128,17,91,60,50,118" hai2="90,46,41,40,81,18,32,16,72,11,29,107,39" hai3="45,71,7,68,52,115,25,21,125,23,135,116,54"/><W106/><G116/><T77/><D35/><U113/><E118/><V93/><F107/><W6/><G125/><T36/><D130/><U65/><E111/><V8/><F40/><W75/><G75/><T119/><D119/><U124/><E123/><V84/><F32/><W114/><G135/><T22/><D132/><U121/><E121/><V80/><F29/><W78/><G106/><T101/><D101/><U120/><E113/><N who="3" m="43018" /><G78/><T70/><D14/><U83/><E124/><V42/><F42/><W3/><G3/><T79/><D70/><N who="3" m="26665" /><G45/><T38/><D79/><U100/><E128/><V44/><F44/><W97/><G97/><T0/><D77/><U129/><E100/><V104/><F104/><W30/><G23/><T51/><D0/><U34/><E129/><V4/><F72/><W37/><G37/><T31/><D38/><U33/><E50/><V85/><F8/><W126/><G126/><T96/><D36/><U95/><E120/><V64/><F64/><W117/><G117/><T57/><D96/><U112/><E112/><V122/><F122/><W27/><G27/><T1/><D22/><U12/><E83/><V69/><F69/><W53/><AGARI ba="1,0" hai="6,7,21,25,30,52,53,54" m="26665,43018" machi="53" ten="40,3900,0" yaku="15,1,54,1" doraHai="82" who="3" fromWho="3" sc="337,-14,219,-14,257,-14,187,42" /><INIT seed="7,2,0,2,4,129" ten="323,205,243,229" oya="3" hai0="28,65,105,7,109,68,87,64,14,96,5,49,95" hai1="108,11,84,77,118,116,58,82,98,130,97,21,22" hai2="27,25,94,9,37,104,18,16,123,48,24,132,39" hai3="15,134,70,1,4,92,88,23,103,112,52,43,91"/><W111/><G112/><T78/><D109/><U61/><E108/><V76/><F123/><W128/><G111/><T41/><D105/><U69/><E69/><V54/><F104/><W19/><G128/><T56/><D68/><U0/><E130/><V100/><F76/><W29/><G134/><T106/><D106/><U83/><E11/><V62/><F62/><W99/><G70/><T71/><D28/><U113/><E113/><V74/><F74/><W36/><G36/><T47/><D71/><U114/><E0/><V2/><F37/><W26/><G43/><T126/><D126/><U110/><E114/><V93/><F39/><W57/><G4/><N who="0" m="1611" /><D14/><U46/><E110/><V125/><F132/><W80/><G80/><N who="0" m="47511" /><D56/><U32/><E46/><N who="2" m="27927" /><F125/><W34/><G1/><T85/><D85/><U31/><E32/><V86/><F2/><W102/><G91/><AGARI ba="2,0" hai="41,47,49,64,65,91,95,96" m="47511,1611" machi="91" ten="30,1000,0" yaku="8,1" doraHai="129" who="0" fromWho="3" sc="323,16,205,0,243,0,229,-16" owari="339,44,205,-29,243,4,213,-19" /></mjloggm>