<mjloggm ver="2.3"><GO type="193" lobby="0"/><UN n0="%E7%A9%BA%E9%8A%80%E5%AD%90" n1="%E3%81%95%E3%81%95%E3%81%BF%E3%81%82%E3%81%92" n2="%E3%83%8F%E3%83%BC%E3%83%97%E3%83%99%E3%82%AC" n3="%E7%95%99%E8%90%8C" dan="12,9,11,12" rate="1888.72,1534.43,1603.87,1662.92" sx="F,M,F,M"/><TAIKYOKU oya="0"/><INIT seed="0,0,0,3,5,16" ten="250,250,250,250" oya="0" hai0="99,58,46,105,72,67,32,44,5,133,98,124,12" hai1="111,25,40,81,56,50,116,128,36,37,52,35,122" hai2="126,45,104,65,75,39,96,73,30,60,95,63,66" hai3="61,24,11,26,68,51,8,113,71,109,22,53,13"/><T112/><D112/><U3/><E116/><V77/><F126/><W129/><G113/><T97/><D72/><U27/><E122/><V118/><F118/><W29/><G109/><T121/><D121/><U55/><E128/><V88/><F77/><W131/><G71/><T4/><D32/><U123/><E111/><V80/><F104/><W135/><G135/><T82/><D105/><U78/><E55/><V34/><F80/><W19/><G68/><T70/><D70/><U28/><E3/><V31/><F31/><W47/><G61/><N who="0" m="38327" /><D133/><U6/><E6/><N who="0" m="2665" /><D124/><U76/><E76/><V69/><F34/><W115/><G115/><T83/><D12/><U49/><E27/><V125/><F30/><W127/><G26/><T120/><D120/><U130/><E130/><N who="3" m="49674" /><G127/><T92/><D92/><U2/><E2/><V107/><F125/><W100/><G100/><T64/><D64/><U23/><E123/><V18/><F107/><W0/><G0/><T106/><D106/><U91/><E91/><V114/><F114/><W101/><G101/><T103/><D103/><U74/><E35/><AGARI ba="0,0" hai="8,11,13,19,22,24,29,35,47,51,53" m="49674" machi="35" ten="30,2000,0" yaku="19,1,52,1" doraHai="16" who="3" fromWho="1" sc="250,0,250,-20,250,0,250,20" /><INIT seed="1,0,0,5,0,117" ten="250,230,250,270" oya="1" hai0="128,58,10,80,53,42,124,40,113,45,96,31,25" hai1="56,132,67,135,83,126,103,129,107,77,55,100,20" hai2="34,38,8,119,43,97,93,87,131,130,78,73,44" hai3="24,16,98,109,1,105,19,71,36,54,76,106,41"/><U3/><E3/><V29/><F119/><W28/><G1/><T111/><D113/><U68/><E107/><V7/><F87/><W30/><G71/><T121/><D111/><U57/><E126/><V13/><F29/><W102/><G109/><T88/><D128/><U22/><E129/><N who="2" m="49163" /><F34/><W21/><G76/><T46/><D124/><U120/><E120/><V47/><F47/><W26/><G54/><T118/><D118/><U90/><E90/><N who="2" m="55479" /><F78/><W27/><G36/><T59/><D121/><U75/><E55/><V74/><AGARI ba="0,0" hai="7,8,13,38,43,44,73,74" m="55479,49163" machi="74" ten="30,1100,0" yaku="19,1" doraHai="117" who="2" fromWho="2" sc="250,-3,230,-5,250,11,270,-3" /><INIT seed="2,0,0,0,4,8" ten="247,225,261,267" oya="2" hai0="68,96,41,56,10,57,124,17,40,18,62,99,15" hai1="66,107,35,123,115,110,122,24,108,49,69,86,33" hai2="31,77,5,132,4,7,70,83,101,25,75,79,34" hai3="46,28,125,61,65,129,14,47,87,59,104,0,119"/><V98/><F132/><W126/><G0/><T93/><D124/><N who="3" m="47721" /><G119/><T22/><D68/><U78/><E78/><V82/><F70/><W2/><G2/><T102/><D99/><U52/><E107/><V127/><F127/><W113/><G104/><T133/><D133/><U3/><E3/><V111/><F111/><N who="1" m="42537" /><E122/><V103/><REACH who="2" step="1"/><F98/><REACH who="2" ten="247,225,251,267" step="2"/><W21/><G113/><T84/><D84/><AGARI ba="0,1" hai="4,5,7,25,31,34,75,77,79,82,83,84,101,103" machi="84" ten="40,3900,0" yaku="1,1,2,1,53,0" doraHai="8" doraHaiUra="39" who="2" fromWho="0" sc="247,-39,225,0,251,49,267,0" /><INIT seed="2,1,0,4,5,17" ten="208,225,300,267" oya="2" hai0="20,64,72,92,47,125,80,39,61,128,85,67,69" hai1="97,6,95,102,1,23,59,28,65,105,42,101,33" hai2="63,8,118,56,4,13,127,5,54,131,58,10,130" hai3="3,119,83,46,90,18,45,87,74,129,41,57,32"/><V79/><F118/><W66/><G119/><T77/><D128/><U55/><E33/><V68/><F68/><W117/><G117/><T29/><D125/><U22/><E42/><V122/><F127/><W2/><G32/><T43/><D67/><U40/><E40/><V21/><F122/><W16/><G129/><N who="2" m="49161" /><F79/><W9/><G74/><T88/><D29/><U112/><E112/><V86/><F86/><W134/><G134/><T100/><D100/><U107/><E102/><V26/><F58/><W120/><G120/><T19/><D72/><U108/><E108/><V110/><F110/><W11/><G66/><T75/><D75/><U15/><E1/><N who="2" m="15" /><F26/><W109/><G109/><T73/><D73/><U114/><E114/><V81/><F81/><W60/><G60/><T123/><D123/><U84/><E84/><V52/><F54/><W93/><G57/><T49/><D77/><U82/><E82/><V0/><F0/><W51/><G46/><T71/><D80/><U78/><E78/><V121/><F121/><W34/><G34/><T135/><D135/><U25/><E23/><AGARI ba="1,0" hai="5,10,13,21,23,52,56,63" m="15,49161" machi="23" ten="30,11600,0" yaku="19,1,52,2,54,1" doraHai="17" who="2" fromWho="1" sc="208,0,225,-119,300,119,267,0" /><INIT seed="2,2,0,5,0,92" ten="208,106,419,267" oya="2" hai0="78,19,93,96,25,75,128,34,18,111,114,67,21" hai1="79,37,33,31,60,32,108,76,5,121,130,74,2" hai2="97,122,36,133,1,85,102,105,109,40,12,8,52" hai3="65,11,110,43,51,132,49,91,64,57,50,112,123"/><V45/><F122/><W94/><G112/><T62/><D114/><U100/><E130/><V73/><F73/><W39/><G123/><T17/><D128/><U107/><E121/><V89/><F133/><W4/><G132/><T86/><D111/><U22/><E108/><V99/><F109/><W38/><G110/><T119/><D119/><U20/><E20/><V23/><F1/><W68/><G57/><T70/><D75/><U98/><E22/><V44/><F23/><W55/><G4/><T63/><D34/><U90/><E37/><N who="3" m="13834" /><G11/><T134/><D134/><U72/><E31/><V118/><F118/><W135/><G135/><T113/><D113/><U53/><E53/><V26/><F26/><W126/><G94/><T61/><D70/><U13/><E13/><V15/><F99/><W71/><G91/><T69/><D69/><N who="3" m="26697" /><G126/><T41/><D67/><N who="3" m="25673" /><G55/><T127/><D127/><U80/><E90/><V66/><F8/><W30/><G30/><T9/><D9/><U54/><E54/><V95/><F66/><W58/><G58/><T116/><D116/><U117/><E117/><V101/><F101/><W88/><G88/><T16/><D78/><U125/><E125/><V104/><F104/><W106/><G106/><T77/><D77/><U6/><E6/><V29/><F29/><W59/><G59/><T24/><D24/><U35/><E5/><V87/><F87/><W124/><G124/><T7/><D7/><U47/><E2/><V14/><F14/><W120/><G120/><T28/><D86/><U56/><E56/><V27/><F27/><W115/><G115/><RYUUKYOKU ba="2,0" sc="208,-15,106,-15,419,15,267,15" hai2="12,15,36,40,44,45,52,85,89,95,97,102,105" hai3="43,49,50,51" /><INIT seed="2,3,0,2,4,35" ten="193,91,434,282" oya="2" hai0="21,54,61,88,7,41,11,60,20,33,130,55,28" hai1="26,27,17,104,2,93,10,24,113,75,99,97,100" hai2="119,51,69,50,82,118,44,124,84,125,48,133,89" hai3="96,64,80,116,109,63,49,134,71,3,14,73,111"/><V128/><F69/><W39/><G116/><T52/><D33/><U126/><E75/><V4/><F128/><W34/><G14/><N who="0" m="5503" /><D130/><U131/><E131/><V127/><F44/><W95/><G49/><T81/><D41/><U57/><E126/><V90/><F4/><W13/><G13/><T56/><D28/><U121/><E121/><V110/><F133/><W101/><G134/><T85/><D61/><U103/><E57/><V91/><F110/><N who="3" m="41995" /><G39/><T129/><D129/><U87/><E113/><V79/><AGARI ba="3,0" hai="48,50,51,79,82,84,89,90,91,118,119,124,125,127" machi="79" ten="40,12000,1" yaku="0,1,29,2,18,1" doraHai="35" who="2" fromWho="2" sc="193,-43,91,-43,434,129,282,-43" /><INIT seed="2,4,0,4,4,64" ten="150,48,563,239" oya="2" hai0="26,33,31,57,110,16,118,89,129,116,29,119,41" hai1="3,130,126,38,82,80,115,1,117,17,111,132,94" hai2="113,121,8,99,44,65,120,75,70,43,25,36,85" hai3="22,84,114,112,123,97,88,12,48,59,66,62,128"/><V60/><F113/><W69/><G123/><T49/><D41/><U55/><E38/><V61/><F75/><W0/><G0/><T102/><D102/><U107/><E115/><N who="3" m="44074" /><G128/><T81/><D81/><U37/><E37/><V133/><F133/><W79/><G79/><T28/><D89/><U68/><E132/><V21/><F8/><W23/><G97/><T4/><D57/><U127/><E94/><V20/><F20/><W11/><G48/><T122/><D49/><U56/><E107/><V109/><F109/><W106/><G106/><T46/><D46/><U86/><E17/><V52/><F99/><W53/><G53/><T50/><D50/><U71/><E56/><N who="2" m="34823" /><F85/><W14/><G59/><T40/><D40/><U18/><E86/><V72/><F72/><W58/><G58/><T9/><D122/><N who="2" m="47210" /><F21/><N who="3" m="7691" /><G11/><T78/><D110/><U104/><E55/><V2/><F25/><W47/><G47/><T103/><D116/><U77/><E111/><V105/><F105/><W108/><G108/><T63/><D119/><U6/><E104/><V100/><F100/><W5/><G5/><T131/><D103/><U96/><E96/><V45/><F2/><W7/><G7/><T90/><D118/><U54/><E6/><V83/><F83/><AGARI ba="4,0" hai="12,14,62,66,69,83,84,88" m="7691,44074" machi="83" ten="30,3900,0" yaku="11,1,52,1,54,1" doraHai="64" who="3" fromWho="2" sc="150,0,48,0,563,-51,239,51" /><INIT seed="3,0,0,0,1,126" ten="150,48,512,290" oya="3" hai0="105,76,129,128,50,42,97,2,98,24,10,8,30" hai1="31,124,96,25,118,73,130,36,26,15,74,71,56" hai2="132,115,28,21,89,91,58,48,88,51,113,121,87" hai3="109,62,116,13,70,133,5,111,101,34,33,120,1"/><W94/><G120/><T86/><D105/><U131/><E124/><V60/><F121/><W4/><G116/><T16/><D76/><U55/><E118/><V64/><F132/><W72/><G72/><T80/><D42/><U84/><E71/><V82/><F28/><W104/><G133/><T14/><D50/><U93/><E84/><V6/><F21/><W125/><G125/><T110/><D80/><U122/><E122/><V78/><REACH who="2" step="1"/><F6/><REACH who="2" ten="150,48,502,290" step="2"/><W123/><G4/><N who="0" m="1047" /><D86/><U75/><E31/><V99/><F99/><W107/><G123/><T63/><D98/><U35/><E35/><V112/><AGARI ba="0,1" hai="48,51,58,60,64,78,82,87,88,89,91,112,113,115" machi="112" ten="40,5200,0" yaku="1,1,0,1,54,1,53,0" doraHai="126" doraHaiUra="68" who="2" fromWho="2" sc="150,-13,48,-13,502,62,290,-26" owari="137,-26,35,-46,564,66,264,6" /></mjloggm>