<mjloggm ver="2.3"><GO type="137" lobby="0"/><UN n0="%53%44%54%52" n1="%79%61%6D%61%79%6F%6D%69" n2="%E7%95%99%E8%90%8C" n3="%50%41%6E%61%64%61" dan="12,12,12,10" rate="1671.91,1644.06,1717.50,1767.05" sx="M,M,M,M"/><TAIKYOKU oya="0"/><INIT seed="0,0,0,1,4,10" ten="250,250,250,250" oya="0" hai0="97,65,84,69,112,42,70,100,20,31,127,72,75" hai1="123,98,48,85,107,81,115,14,82,21,87,25,76" hai2="116,60,55,44,92,74,122,130,16,110,29,46,86" hai3="53,73,111,41,5,101,22,52,77,50,36,94,26"/><T114/><D42/><U64/><E123/><V133/><F122/><W47/><G111/><T18/><D31/><U103/><E64/><V49/><F74/><W109/><G109/><T37/><D37/><U91/><E91/><BYE who="1" /><V134/><F110/><W34/><G34/><T17/><D65/><U95/><E95/><V13/><F116/><W35/><G35/><T15/><D84/><U45/><E45/><N who="2" m="17515" /><F29/><W38/><G73/><T113/><D127/><U66/><E66/><V99/><F130/><W126/><G77/><T59/><D59/><U135/><E135/><N who="2" m="51723" /><F60/><W33/><G126/><T120/><D120/><U0/><E0/><V19/><F86/><W118/><G33/><T12/><D72/><U24/><E24/><V88/><F13/><W56/><G118/><T11/><D11/><UN n1="%79%61%6D%61%79%6F%6D%69" /><U129/><E115/><V61/><F61/><W78/><G78/><T105/><D75/><U9/><E129/><V8/><F8/><W90/><G101/><T68/><REACH who="0" step="1"/><D18/><REACH who="0" ten="240,250,250,250" step="2"/><U83/><E87/><V102/><F102/><W124/><G124/><T7/><D7/><U63/><E85/><V106/><F106/><W1/><G5/><T3/><D3/><U28/><E76/><V4/><F4/><W121/><G1/><T62/><D62/><U27/><E63/><V89/><F89/><W104/><G104/><T51/><D51/><U132/><E48/><V40/><F40/><W23/><G121/><T39/><D39/><U32/><E132/><V119/><F119/><W93/><G38/><T2/><D2/><U128/><E28/><V96/><F96/><W30/><G36/><RYUUKYOKU ba="0,1" sc="240,15,250,-15,250,15,250,-15" hai0="12,15,17,20,68,69,70,97,100,105,112,113,114" hai2="16,19,49,55,88,92,99" /><INIT seed="0,1,1,4,4,65" ten="255,235,265,235" oya="0" hai0="12,35,119,89,121,109,64,108,105,115,75,133,10" hai1="117,40,14,21,62,79,66,6,76,78,70,124,9" hai2="84,18,37,116,19,103,106,55,94,90,23,68,16" hai3="67,8,48,39,118,25,102,122,47,44,36,110,72"/><T1/><RYUUKYOKU type="yao9" ba="1,1" sc="255,0,235,0,265,0,235,0" hai0="1,10,12,35,64,75,89,105,108,109,115,119,121,133" /><INIT seed="0,2,1,2,4,58" ten="255,235,265,235" oya="0" hai0="20,106,74,5,52,8,36,45,66,16,129,87,51" hai1="7,122,97,107,63,69,49,35,126,111,102,101,78" hai2="34,108,28,54,96,127,105,77,62,68,128,110,132" hai3="116,44,80,10,92,93,83,82,135,112,109,119,113"/><T75/><D106/><U85/><E122/><V42/><F77/><W21/><G44/><T38/><D129/><U6/><E102/><V91/><F34/><W32/><G32/><T90/><D66/><U64/><E49/><V61/><F28/><W117/><G21/><T25/><D74/><U57/><E126/><V79/><F79/><W22/><G22/><T114/><D75/><U84/><E85/><V125/><F42/><W1/><G10/><T100/><D100/><U95/><E57/><V24/><F24/><W70/><G70/><T130/><D114/><U9/><E111/><N who="2" m="42539" /><F128/><W73/><G1/><T94/><D130/><U46/><E78/><V39/><F39/><W43/><G43/><T19/><D19/><U48/><E9/><V88/><F132/><W33/><G109/><T37/><REACH who="0" step="1"/><D38/><REACH who="0" ten="245,235,265,235" step="2"/><U12/><E107/><V103/><F68/><W59/><G73/><T60/><D60/><N who="2" m="23146" /><F54/><W131/><G131/><T133/><D133/><U124/><E69/><V47/><F47/><W71/><G135/><T118/><D118/><U14/><E46/><V67/><F67/><W29/><G71/><T18/><D18/><U65/><E65/><V72/><F72/><W4/><G29/><T89/><D89/><AGARI ba="2,2" hai="88,89,91,96,103,105,125,127" m="23146,42539" machi="89" ten="30,8000,1" yaku="14,1,52,3,54,1" doraHai="58" who="2" fromWho="0" sc="245,-86,235,0,265,106,235,0" /><INIT seed="1,0,0,0,1,132" ten="159,235,371,235" oya="1" hai0="67,85,126,28,54,0,114,56,124,3,29,39,34" hai1="1,76,131,99,108,49,79,31,97,15,103,109,75" hai2="87,123,45,36,52,89,16,98,128,125,62,102,24" hai3="69,58,129,37,120,66,72,84,18,4,100,17,35"/><U6/><E1/><N who="0" m="585" /><D34/><U13/><E31/><N who="0" m="11849" /><D39/><U59/><E49/><V60/><F123/><W74/><G129/><T94/><D67/><U121/><E59/><V7/><F128/><W101/><G58/><T50/><D94/><U61/><E131/><V96/><F7/><W42/><G4/><T107/><D85/><U26/><E26/><V86/><F125/><N who="0" m="48234" /><D107/><U113/><E121/><V127/><F127/><W8/><G120/><T57/><D114/><U19/><E113/><V2/><F2/><W65/><G37/><T90/><D90/><U47/><E79/><V93/><F36/><W27/><G84/><N who="2" m="32297" /><F102/><W51/><G35/><T91/><D91/><U32/><E32/><V80/><F80/><W73/><G100/><T53/><D53/><U64/><E76/><V44/><F98/><W68/><G101/><T106/><D106/><U82/><E103/><V117/><F117/><W134/><G73/><T22/><D22/><U14/><E75/><V23/><F52/><W116/><G74/><T30/><N who="0" m="11857" /><T9/><DORA hai="20" /><D9/><U48/><E82/><V70/><F70/><W41/><G72/><T110/><D110/><U88/><E99/><V5/><F5/><W111/><G111/><N who="1" m="42570" /><E6/><V115/><F115/><W104/><G104/><T81/><D81/><U40/><E97/><V46/><AGARI ba="0,0" hai="16,23,24,44,45,46,60,62,89,93,96" m="32297" machi="46" ten="30,4000,0" yaku="8,1,52,1,54,1" doraHai="132,20" who="2" fromWho="2" sc="159,-10,235,-20,371,40,235,-10" /><INIT seed="2,0,0,0,2,48" ten="149,215,411,225" oya="2" hai0="9,81,30,26,128,101,78,22,74,76,3,83,106" hai1="77,11,110,13,122,50,66,60,91,125,38,111,89" hai2="31,84,126,90,85,108,46,94,51,0,25,75,117" hai3="133,36,68,105,114,7,67,24,95,96,29,28,79"/><V5/><F75/><W112/><G36/><T37/><D37/><U70/><E38/><V132/><F117/><W6/><G133/><T63/><D63/><U59/><E77/><V104/><F132/><W127/><G79/><T109/><D9/><U32/><E32/><V16/><F108/><N who="1" m="41513" /><E125/><V86/><F104/><W62/><G127/><T80/><D109/><U49/><E122/><V8/><F126/><W43/><G43/><T52/><D3/><U14/><E14/><V12/><F46/><W61/><G61/><T54/><D106/><U97/><E97/><V88/><F51/><N who="1" m="19465" /><E70/><V102/><F102/><W113/><G28/><T130/><D101/><U1/><E1/><V87/><N who="2" m="22016" /><DORA hai="55" /><V69/><F69/><W124/><G124/><T134/><D134/><U99/><E99/><V82/><F82/><W42/><G42/><T65/><D65/><U44/><E44/><V100/><F100/><N who="3" m="62599" /><G95/><T131/><D74/><U118/><E118/><V41/><F41/><W47/><G47/><T121/><D121/><U15/><E15/><V45/><F45/><W116/><G116/><T20/><D20/><AGARI ba="0,0" hai="6,7,20,24,29,62,67,68,112,113,114" m="62599" machi="20" ten="30,1000,0" yaku="11,1" doraHai="48,55" who="3" fromWho="0" sc="149,-10,215,0,411,0,225,10" /><INIT seed="3,0,0,3,4,130" ten="139,215,411,235" oya="3" hai0="116,26,84,85,81,127,41,120,45,61,74,48,78" hai1="100,67,34,49,108,86,83,113,129,92,75,89,110" hai2="94,64,133,42,55,125,15,97,33,51,88,107,68" hai3="25,4,66,135,104,70,99,36,72,106,24,35,126"/><W69/><G25/><T54/><D120/><U14/><E34/><V13/><F33/><W103/><G106/><T12/><D116/><U3/><E3/><V53/><F107/><W131/><G131/><T27/><D127/><U8/><E129/><V59/><F125/><W23/><G126/><T50/><D74/><U31/><E31/><V0/><F0/><W112/><G112/><T29/><D29/><U79/><E67/><V1/><F1/><W93/><G4/><T57/><D12/><N who="2" m="4682" /><F133/><W43/><G93/><T65/><REACH who="0" step="1"/><D84/><REACH who="0" ten="129,215,411,235" step="2"/><U82/><E113/><V52/><F97/><W111/><G72/><T98/><D98/><U44/><E75/><V38/><F94/><W118/><G118/><T28/><D28/><U56/><E92/><V119/><F119/><W19/><G35/><T76/><D76/><U91/><E83/><V6/><F64/><W121/><G121/><T105/><D105/><U21/><E100/><V2/><F68/><AGARI ba="0,1" hai="26,27,41,45,48,50,54,57,61,65,68,78,81,85" machi="68" ten="30,2000,0" yaku="1,1,7,1,53,0" doraHai="130" doraHaiUra="9" who="0" fromWho="2" sc="129,30,215,0,411,-20,235,0" /><INIT seed="4,0,0,1,1,9" ten="159,215,391,235" oya="0" hai0="134,32,123,2,28,23,93,11,133,127,48,121,17" hai1="85,84,80,115,124,70,4,109,108,49,69,107,55" hai2="98,56,18,97,128,61,99,50,86,16,25,10,1" hai3="47,79,34,119,114,12,110,67,73,101,117,26,122"/><T58/><D93/><U15/><E107/><V64/><F128/><W31/><G110/><T76/><D76/><U42/><E42/><V24/><F86/><W57/><G114/><T62/><D48/><U75/><E75/><V105/><F105/><W129/><G129/><T102/><D102/><U106/><E106/><V90/><F90/><W36/><G101/><T3/><D127/><U132/><E132/><N who="0" m="50793" /><D58/><U37/><E37/><V82/><F82/><W45/><G122/><N who="0" m="46603" /><D62/><U5/><E124/><V44/><F1/><W0/><G0/><T46/><D46/><U112/><E55/><N who="2" m="30151" /><F10/><W40/><G47/><T38/><D38/><U78/><E49/><V13/><F13/><W41/><G41/><T135/><N who="0" m="50801" /><T20/><DORA hai="59" /><D2/><U83/><E15/><V91/><F91/><W65/><G73/><T130/><D130/><U126/><E126/><V52/><F64/><W92/><G79/><AGARI ba="0,0" hai="4,5,69,70,78,79,80,83,84,85,108,109,112,115" machi="79" ten="25,1600,0" yaku="22,2" doraHai="9,59" who="1" fromWho="3" sc="159,0,215,16,391,0,235,-16" /><INIT seed="5,0,0,2,2,64" ten="159,231,391,219" oya="1" hai0="9,14,25,82,43,122,4,10,31,32,76,121,23" hai1="52,21,53,37,26,17,41,107,101,6,114,116,100" hai2="132,78,111,38,74,36,85,123,75,131,87,48,71" hai3="60,16,20,112,98,19,115,29,50,96,45,49,102"/><U58/><E116/><V27/><F123/><N who="0" m="47114" /><D43/><U59/><E37/><V11/><F111/><W46/><G29/><T99/><D99/><N who="3" m="37929" /><G102/><T22/><D82/><U124/><E41/><V119/><F119/><W135/><G60/><T5/><D76/><U7/><E124/><V126/><F126/><W125/><G125/><T77/><D77/><U118/><E118/><V54/><F27/><W39/><G39/><T28/><D31/><U35/><E35/><V8/><F131/><W90/><G90/><T51/><D51/><N who="3" m="19465" /><G20/><T57/><D57/><U89/><E89/><V129/><F129/><W83/><G83/><T88/><D88/><U15/><E107/><V91/><F78/><W18/><G135/><T81/><D81/><U95/><E95/><V40/><F91/><W130/><G130/><T34/><D34/><U110/><E110/><V2/><F48/><W127/><G127/><T120/><N who="0" m="47122" /><T33/><DORA hai="133" /><D33/><U66/><E66/><V0/><F40/><W94/><G94/><T13/><AGARI ba="0,0" hai="4,5,9,10,13,14,22,23,25,28,32" m="47122" machi="13" ten="40,5200,0" yaku="13,1,34,2" doraHai="64,133" who="0" fromWho="0" sc="159,52,231,-26,391,-13,219,-13" /><INIT seed="6,0,0,1,4,31" ten="211,205,378,206" oya="2" hai0="95,99,103,14,101,27,50,118,89,42,38,96,51" hai1="37,122,85,52,73,90,29,55,63,16,0,21,130" hai2="33,81,84,88,30,26,100,17,8,39,124,11,67" hai3="125,68,80,35,46,53,92,6,112,129,114,93,106"/><V24/><F39/><W104/><G68/><T1/><D1/><U116/><E116/><V45/><F67/><W98/><G6/><T107/><D38/><U7/><E73/><V128/><F45/><W76/><G46/><T72/><D72/><U87/><E37/><V131/><F100/><W70/><G53/><T86/><D118/><U32/><E122/><V22/><REACH who="2" step="1"/><F124/><REACH who="2" ten="211,205,368,206" step="2"/><W74/><G125/><T126/><D126/><U77/><E63/><V13/><F13/><W69/><G70/><T111/><D14/><U23/><E55/><V75/><F75/><W2/><G69/><T3/><D3/><U54/><E54/><V28/><F28/><W78/><G2/><T66/><D66/><U65/><E65/><V132/><F132/><W110/><G74/><T120/><D120/><U57/><E0/><V20/><F20/><W49/><G35/><T48/><D111/><U40/><E32/><V62/><F62/><W19/><G110/><T41/><REACH who="0" step="1"/><D27/><REACH who="0" ten="201,205,368,206" step="2"/><U59/><E29/><V134/><F134/><W4/><G106/><AGARI ba="0,2" hai="41,42,48,50,51,86,89,95,96,99,101,103,106,107" machi="106" ten="40,8000,1" yaku="1,1,2,1,9,1,53,2" doraHai="31" doraHaiUra="94" who="0" fromWho="3" sc="201,100,205,0,368,0,206,-80" /><INIT seed="7,0,0,5,1,12" ten="301,205,368,126" oya="3" hai0="14,33,120,121,7,22,79,71,21,10,116,55,0" hai1="47,48,89,128,17,112,94,131,31,68,57,4,24" hai2="76,99,63,66,135,82,20,123,61,54,13,23,100" hai3="107,16,105,109,98,126,81,117,118,129,44,125,70"/><W9/><G70/><T11/><D71/><U62/><E68/><V133/><F123/><N who="0" m="47178" /><D55/><U1/><E1/><V92/><F54/><W43/><G44/><T73/><D79/><U50/><E4/><V26/><F13/><N who="3" m="7215" /><G43/><T60/><D60/><U134/><E50/><V74/><F66/><W77/><G109/><T34/><D73/><U90/><E134/><N who="2" m="51211" /><F23/><N who="0" m="8714" /><D116/><N who="3" m="44649" /><G98/><T108/><D108/><U58/><E58/><V84/><F74/><W37/><G37/><T110/><D110/><U106/><E62/><V124/><F124/><N who="3" m="47723" /><G129/><T51/><D51/><U15/><E57/><V59/><F59/><W39/><G39/><T27/><D27/><U97/><E47/><V83/><F83/><W49/><G49/><T28/><D28/><AGARI ba="0,0" hai="20,26,28,61,63,76,82,84,92,99,100" m="51211" machi="28" ten="30,1000,0" yaku="20,1" doraHai="12" who="2" fromWho="0" sc="301,-10,205,0,368,10,126,0" owari="291,9,205,-19,378,47,126,-37" /></mjloggm>