<mjloggm ver="2.3"><GO type="193" lobby="0"/><UN n0="%E7%95%99%E8%90%8C" n1="%E3%83%AA%E3%83%9C%E3%83%B3%E3%82%B7%E3%83%88%E3%83%AD%E3%83%B3" n2="%61%73%61%6E%6F%6E%6F" n3="%73%71%77%65%77%73%61" dan="12,11,13,11" rate="1696.04,1512.86,1785.53,1793.98" sx="M,M,M,M"/><TAIKYOKU oya="0"/><INIT seed="0,0,0,3,0,45" ten="250,250,250,250" oya="0" hai0="44,129,102,50,124,25,33,65,31,112,125,123,75" hai1="52,8,66,111,134,12,94,30,1,106,99,7,90" hai2="21,77,126,63,72,105,130,81,39,68,113,62,98" hai3="32,83,37,61,133,22,29,107,78,36,84,89,0"/><T3/><D123/><U103/><E66/><V67/><F113/><W120/><G0/><T18/><D75/><U23/><E134/><V60/><F126/><N who="0" m="48746" /><D65/><U34/><E111/><V51/><F130/><W109/><G133/><T135/><D135/><U13/><E34/><V27/><F39/><W79/><G109/><T48/><D102/><U74/><E74/><V132/><F132/><W41/><G120/><T92/><D92/><U57/><E23/><V54/><F98/><W24/><G107/><T104/><D3/><U116/><E30/><V64/><F105/><W49/><G61/><T117/><D117/><U73/><E73/><V76/><F76/><W115/><G115/><T121/><D104/><U15/><E1/><V119/><F119/><W97/><G97/><T10/><D121/><U47/><E47/><V82/><F82/><W88/><G78/><T5/><D112/><U14/><E116/><V70/><F70/><W114/><G114/><T71/><D71/><U16/><E7/><V19/><F67/><W53/><G32/><T127/><D129/><U85/><REACH who="1" step="1"/><E14/><REACH who="1" ten="250,240,250,250" step="2"/><V108/><REACH who="2" step="1"/><F108/><REACH who="2" ten="250,240,240,250" step="2"/><W42/><G37/><T11/><D127/><U58/><E58/><AGARI ba="0,2" hai="19,21,27,51,54,58,60,62,63,64,68,72,77,81" machi="58" ten="30,12000,2" yaku="1,1,2,1,7,1,52,1,53,3" doraHai="45" doraHaiUra="59" who="2" fromWho="1" sc="250,0,240,-120,240,140,250,0" /><INIT seed="1,0,0,3,5,18" ten="250,120,380,250" oya="1" hai0="19,107,83,69,113,95,76,92,80,66,30,33,101" hai1="126,54,117,27,12,131,41,14,42,81,3,89,99" hai2="26,133,82,45,25,118,106,132,103,15,67,34,9" hai3="112,123,94,63,114,129,74,28,5,4,124,98,49"/><U119/><E3/><V6/><F67/><W115/><G123/><T93/><D113/><U110/><E131/><V21/><F82/><W90/><G74/><T50/><D50/><U46/><E81/><N who="0" m="31305" /><D69/><U20/><E99/><V58/><F58/><W125/><G129/><T70/><D70/><U51/><E89/><V64/><F103/><W35/><G63/><T122/><D66/><U59/><E126/><N who="3" m="48746" /><G49/><T13/><D33/><U102/><E102/><V116/><F106/><W88/><G90/><T85/><D30/><U79/><E79/><V78/><F78/><W84/><G98/><T60/><D122/><U65/><E65/><V43/><F45/><W61/><G61/><T24/><D60/><U55/><E51/><V39/><F43/><W91/><G91/><T29/><D107/><U44/><E59/><V135/><F39/><W22/><G35/><T97/><D76/><U2/><E2/><V108/><F108/><W7/><G28/><T127/><D127/><U62/><E62/><V104/><F104/><W87/><G87/><T105/><D105/><U48/><E48/><V23/><F64/><W96/><G96/><T75/><D75/><U111/><REACH who="1" step="1"/><E27/><REACH who="1" ten="250,110,380,250" step="2"/><N who="2" m="10251" /><F34/><W109/><G109/><T36/><D85/><U16/><E16/><V10/><F10/><W56/><G56/><T120/><D120/><U0/><E0/><V37/><F37/><W38/><G38/><T8/><D36/><U1/><E1/><V11/><F11/><W128/><G128/><T130/><D130/><U134/><E134/><V121/><F121/><W86/><G86/><T71/><D71/><RYUUKYOKU ba="0,1" sc="250,0,110,0,380,0,250,0" hai0="8,13,19,24,29,92,93,95,97,101" hai1="12,14,20,41,42,44,46,54,55,110,111,117,119" hai2="6,9,15,21,23,116,118,132,133,135" hai3="4,5,7,22,84,88,94,112,114,115" /><INIT seed="1,1,1,1,0,9" ten="250,110,380,250" oya="1" hai0="19,10,75,124,32,44,130,85,81,99,45,77,4" hai1="70,21,100,98,105,22,7,35,64,69,49,102,134" hai2="65,119,74,18,89,13,36,51,90,97,67,42,127" hai3="40,14,60,5,59,55,37,123,33,78,73,57,16"/><U48/><E35/><V120/><F120/><W108/><G123/><T133/><D32/><U111/><E7/><V92/><F119/><W41/><G108/><T83/><D133/><U128/><E134/><V114/><F74/><W129/><G129/><T88/><D130/><U61/><E128/><V103/><F36/><W15/><G33/><T106/><D124/><U125/><E125/><V117/><F127/><W23/><G37/><T39/><D39/><U107/><E111/><V1/><F1/><W79/><G73/><T11/><D19/><U29/><E98/><V27/><F27/><W121/><G121/><T2/><REACH who="0" step="1"/><D11/><REACH who="0" ten="240,110,380,250" step="2"/><U0/><E0/><V43/><F117/><W122/><G122/><T26/><D26/><U96/><E96/><V3/><F114/><W53/><G41/><N who="2" m="15369" /><F3/><W66/><G40/><T91/><D91/><N who="2" m="34826" /><F51/><N who="3" m="30911" /><G66/><T63/><D63/><U93/><E61/><V113/><F113/><W25/><G25/><T46/><D46/><U52/><E64/><V84/><F84/><W30/><G30/><T71/><D71/><U94/><E29/><V31/><F31/><W87/><G87/><T76/><D76/><U34/><E34/><V12/><F18/><W135/><G135/><T101/><AGARI ba="1,2" hai="2,4,10,44,45,75,77,81,83,85,88,99,101,106" machi="101" ten="30,7900,0" yaku="1,1,0,1,54,1,53,1" doraHai="9" doraHaiUra="72" who="0" fromWho="0" sc="240,102,110,-40,380,-21,250,-21" /><INIT seed="2,0,0,3,4,17" ten="342,70,359,229" oya="2" hai0="34,70,4,109,103,32,111,134,89,94,122,57,113" hai1="15,1,19,92,133,30,76,13,6,43,67,45,24" hai2="75,64,38,78,116,117,62,27,82,85,9,55,88" hai3="54,97,125,114,16,100,49,104,81,107,91,108,123"/><V50/><F38/><W41/><G123/><T118/><D70/><U101/><E67/><V128/><F128/><W102/><G108/><N who="0" m="41547" /><D57/><U120/><E133/><V90/><F9/><W77/><G125/><T56/><D56/><U28/><E120/><V25/><F117/><W61/><G114/><T35/><D4/><U63/><E63/><V79/><F116/><W40/><G61/><T37/><D118/><U129/><E76/><N who="2" m="29227" /><F75/><W12/><G91/><N who="2" m="34857" /><F62/><W3/><G3/><T36/><D122/><U132/><E132/><V72/><F72/><W44/><G102/><T99/><D134/><U66/><E66/><V131/><F131/><W26/><G26/><N who="2" m="9737" /><F64/><W65/><G65/><T0/><D113/><U80/><E129/><V121/><F121/><W14/><G107/><N who="0" m="63999" /><D0/><U73/><E73/><V105/><F105/><W11/><G12/><T33/><N who="0" m="8704" /><DORA hai="126" /><T60/><D60/><U95/><E1/><V5/><F5/><W46/><G46/><T127/><D127/><U69/><E69/><V87/><F82/><W74/><AGARI ba="0,0" hai="11,14,16,40,41,44,49,54,74,77,81,97,100,104" machi="74" ten="20,2700,0" yaku="0,1,7,1,54,1" doraHai="17,126" who="3" fromWho="3" sc="342,-7,70,-7,359,-13,229,27" /><INIT seed="3,0,0,0,1,34" ten="335,63,346,256" oya="3" hai0="36,94,103,104,101,78,45,19,118,14,57,39,119" hai1="61,21,100,131,10,127,44,6,125,33,74,73,70" hai2="24,102,51,58,113,97,117,20,25,116,16,9,22" hai3="26,108,46,55,111,132,123,85,134,71,11,0,29"/><W133/><G123/><T76/><D104/><U122/><E21/><V128/><F113/><W115/><G115/><T89/><D57/><U87/><E87/><V35/><F35/><N who="3" m="20919" /><G71/><T106/><D106/><U68/><E44/><V47/><F9/><W75/><G85/><T5/><D5/><U65/><E100/><N who="0" m="38473" /><D119/><U3/><E122/><V88/><F58/><W130/><G75/><T67/><D118/><U27/><E70/><V28/><F128/><W15/><G130/><T121/><D121/><U62/><E62/><V129/><F129/><W30/><G30/><T86/><D36/><U120/><E120/><V31/><F31/><W81/><G81/><T63/><D39/><U84/><E84/><V4/><F4/><N who="3" m="1415" /><G15/><T32/><D32/><U13/><E13/><V112/><F112/><W37/><G55/><T95/><D67/><U52/><E52/><N who="2" m="29823" /><F116/><W82/><G82/><N who="0" m="49367" /><D63/><U1/><E27/><V72/><F117/><W98/><G98/><T41/><D45/><U64/><E33/><V96/><F72/><N who="1" m="27753" /><E65/><V135/><F102/><W59/><G59/><T91/><D41/><AGARI ba="0,0" hai="37,41,46,108,111,132,133,134" m="1415,20919" machi="41" ten="40,7700,0" yaku="20,1,23,1,52,1" doraHai="34" who="3" fromWho="0" sc="335,-77,63,0,346,0,256,77" /><INIT seed="3,1,0,3,4,62" ten="258,63,346,333" oya="3" hai0="20,133,47,54,90,85,117,131,70,9,7,59,31" hai1="17,91,29,83,12,52,132,37,97,71,56,96,107" hai2="13,46,134,67,115,104,64,126,38,84,18,124,44" hai3="33,60,5,98,100,51,69,120,30,127,122,95,66"/><W111/><G127/><N who="2" m="48681" /><F115/><W3/><G111/><T36/><D117/><U113/><E37/><V74/><F74/><W82/><G51/><T87/><D133/><U135/><E113/><V6/><F134/><W110/><G110/><T22/><D131/><U103/><E71/><V34/><F34/><W4/><G82/><T48/><D70/><U15/><E135/><V102/><F6/><W72/><G72/><T108/><D108/><U2/><E2/><V123/><F123/><W19/><G19/><T42/><D31/><U25/><E132/><V49/><F38/><W94/><G94/><T40/><D40/><U10/><E15/><V109/><F109/><W105/><G95/><T32/><D32/><U35/><E83/><V24/><F24/><N who="3" m="18631" /><G3/><T114/><D114/><U76/><E76/><V8/><F84/><W125/><G125/><T89/><D7/><AGARI ba="1,0" hai="4,5,7,60,66,69,98,100,105,120,122" m="18631" machi="7" ten="30,2900,0" yaku="25,1,52,1" doraHai="62" who="3" fromWho="0" sc="258,-32,63,0,346,0,333,32" owari="226,-17,63,-44,346,15,365,46" /></mjloggm>