<mjloggm ver="2.3"><GO type="137" lobby="0"/><UN n0="%E6%B7%B1%E9%9B%AA%E3%82%B9%E3%83%9A%E3%82%B7%E3%83%A3%E3%83%AB" n1="%65%64%61" n2="%E7%95%99%E8%90%8C" n3="%E3%81%8A%E3%81%8B%E3%82%86" dan="11,12,12,13" rate="1756.82,1762.37,1707.42,1902.58" sx="F,M,M,M"/><TAIKYOKU oya="0"/><INIT seed="0,0,0,5,3,127" ten="250,250,250,250" oya="0" hai0="119,15,94,72,115,74,20,92,121,112,77,128,30" hai1="39,32,8,24,57,2,18,104,123,58,6,49,91" hai2="132,73,80,62,70,134,90,55,83,44,126,34,14" hai3="131,69,48,47,113,28,36,89,129,101,11,43,65"/><T50/><D121/><U7/><E39/><V98/><F73/><W100/><G113/><T38/><D119/><U130/><E123/><V117/><F34/><W108/><G28/><T120/><D120/><U116/><E104/><V85/><F117/><W17/><G89/><T9/><D38/><U63/><E116/><V67/><F126/><W88/><G36/><T56/><D30/><U33/><E7/><V37/><F14/><W125/><G125/><T122/><D122/><U12/><E130/><N who="3" m="49674" /><G108/><T26/><D26/><U13/><E49/><V97/><F37/><W22/><G88/><T46/><D128/><U86/><E13/><V16/><F80/><W54/><G11/><T60/><D20/><U51/><E51/><V52/><F16/><W10/><G10/><T31/><D115/><U103/><E103/><V35/><F35/><W53/><G53/><N who="2" m="20553" /><F44/><W79/><G79/><T102/><D31/><U1/><E1/><V114/><F114/><W96/><G96/><T27/><D112/><U99/><E99/><V75/><F98/><W59/><G69/><T4/><D102/><U5/><E5/><V106/><F75/><W135/><G135/><N who="2" m="51753" /><F97/><W107/><G107/><AGARI ba="0,0" hai="62,67,70,83,85,90,106,107" m="51753,20553" machi="107" ten="30,2000,0" yaku="20,1,54,1" doraHai="127" who="2" fromWho="3" sc="250,0,250,0,250,20,250,-20" /><INIT seed="1,0,0,0,0,133" ten="250,250,270,230" oya="1" hai0="76,61,121,40,96,16,17,49,30,128,55,66,42" hai1="60,94,6,7,79,82,93,48,119,10,58,38,99" hai2="12,113,120,101,107,91,13,86,88,87,46,132,102" hai3="108,50,77,1,84,123,74,2,0,124,31,67,65"/><U106/><E119/><V11/><F120/><W34/><G50/><T59/><D121/><U25/><E38/><V23/><F46/><W33/><G123/><T135/><D135/><U89/><E106/><V64/><F132/><W80/><G108/><T71/><D30/><U81/><E48/><V14/><F113/><W32/><G84/><N who="2" m="32297" /><F107/><W35/><G31/><T72/><D128/><U47/><E47/><V117/><F117/><W125/><N who="3" m="8704" /><DORA hai="8" /><W115/><REACH who="3" step="1"/><G115/><REACH who="3" ten="250,250,270,220" step="2"/><T19/><D72/><U43/><E43/><V131/><F131/><W56/><G56/><T78/><REACH who="0" step="1"/><D96/><REACH who="0" ten="240,250,270,220" step="2"/><U45/><E99/><V3/><F3/><W68/><G68/><T92/><D92/><U24/><E94/><V129/><F129/><W118/><G118/><T44/><D44/><U100/><E45/><V41/><F41/><AGARI ba="0,2" hai="16,17,19,40,41,42,49,55,59,61,66,71,76,78" machi="41" ten="40,2600,0" yaku="1,1,54,1,53,0" doraHai="133,8" doraHaiUra="116,5" who="0" fromWho="2" sc="240,46,250,0,270,-26,220,0" /><INIT seed="2,0,0,3,3,22" ten="286,250,244,220" oya="2" hai0="62,50,132,109,110,26,77,70,25,36,115,68,52" hai1="116,31,27,14,12,124,0,37,18,83,133,87,122" hai2="126,45,28,130,114,8,53,20,104,101,4,112,39" hai3="99,64,117,60,15,47,42,95,75,98,105,73,35"/><V107/><F39/><W127/><G117/><T81/><D115/><U57/><E37/><V89/><F45/><W97/><G35/><T3/><D36/><U79/><E116/><V67/><F67/><W102/><G127/><T21/><D3/><U41/><E0/><V85/><F53/><W23/><G15/><T13/><D132/><U33/><E133/><V65/><F65/><W43/><G98/><T82/><D13/><U9/><E124/><V51/><F51/><W103/><G23/><T44/><D62/><U11/><E41/><V72/><F72/><W93/><G105/><T1/><D1/><U29/><E122/><V19/><F126/><W71/><REACH who="3" step="1"/><G43/><REACH who="3" ten="286,250,244,210" step="2"/><T134/><D21/><U74/><E57/><V106/><F101/><W96/><G96/><T90/><D134/><U125/><E125/><V55/><F55/><W46/><G46/><T118/><D118/><U54/><E54/><V76/><F4/><W16/><G16/><T38/><D38/><AGARI ba="0,1" hai="38,42,47,60,64,71,73,75,93,95,97,99,102,103" machi="38" ten="30,8000,1" yaku="1,1,7,1,9,1,53,2" doraHai="22" doraHaiUra="94" who="3" fromWho="0" sc="286,-80,250,0,244,0,210,90" /><INIT seed="3,0,0,5,0,41" ten="206,250,244,300" oya="3" hai0="129,25,10,72,59,58,19,68,23,119,62,114,76" hai1="64,3,88,29,46,134,121,44,18,55,91,79,30" hai2="122,14,98,123,82,11,100,111,1,94,39,24,84" hai3="102,87,54,56,113,15,49,42,108,21,52,131,20"/><W63/><G113/><T66/><D119/><U22/><E121/><N who="2" m="46091" /><F39/><W86/><G131/><T38/><D114/><U27/><E3/><V70/><F70/><W116/><G116/><T40/><D129/><U125/><E134/><V69/><F69/><W83/><G108/><T12/><D72/><U36/><E36/><V77/><F111/><W85/><G102/><T33/><D76/><U26/><E125/><V71/><F71/><W13/><G42/><T67/><D33/><U28/><E79/><V126/><F1/><W73/><G73/><T16/><REACH who="0" step="1"/><D66/><REACH who="0" ten="196,250,244,300" step="2"/><U105/><E64/><V17/><F126/><W31/><G83/><T97/><D97/><U7/><E105/><V2/><F2/><W50/><G63/><T89/><D89/><N who="1" m="34379" /><E7/><V96/><F96/><W51/><G51/><T0/><D0/><U128/><E128/><V99/><F99/><W132/><G132/><T65/><D65/><U118/><E118/><V81/><F81/><W78/><G78/><T6/><D6/><U60/><E27/><AGARI ba="0,1" hai="11,14,17,24,27,77,82,84,94,98,100" m="46091" machi="27" ten="30,1000,0" yaku="13,1" doraHai="41" who="2" fromWho="1" sc="196,0,250,-10,244,20,300,0" /><INIT seed="4,0,0,5,1,127" ten="196,240,264,300" oya="0" hai0="5,111,16,60,71,119,135,65,107,56,123,2,57" hai1="34,8,52,72,102,11,9,46,82,84,3,39,126" hai2="43,86,83,100,106,15,19,18,69,31,20,132,120" hai3="101,89,32,114,76,90,38,47,81,124,67,14,48"/><T68/><D123/><U28/><E126/><V12/><F69/><W110/><G32/><T64/><D119/><U95/><E102/><V55/><F120/><W122/><G110/><T79/><D111/><U128/><E95/><V131/><F43/><W87/><G122/><T117/><D117/><U113/><E113/><V59/><F106/><W91/><G114/><T41/><D107/><U7/><E128/><V58/><F131/><W22/><G124/><T21/><D41/><N who="1" m="22847" /><E52/><V29/><F100/><W4/><G38/><T1/><D135/><U66/><E84/><V77/><F132/><W80/><G101/><T85/><D2/><U26/><E66/><V50/><REACH who="2" step="1"/><F59/><REACH who="2" ten="196,240,254,300" step="2"/><W24/><G67/><T63/><D1/><U129/><E129/><V88/><F88/><W45/><G91/><T36/><D36/><U70/><E70/><V33/><F33/><W108/><G90/><T75/><D75/><U23/><E34/><V54/><F54/><W61/><G108/><T104/><D104/><U115/><E115/><V51/><F51/><W134/><G48/><T94/><D5/><U73/><E73/><V25/><F25/><W0/><G134/><T125/><D125/><U49/><E49/><V92/><F92/><W118/><G0/><T35/><D35/><U99/><E3/><V17/><F17/><W133/><G133/><T112/><D112/><U97/><E7/><V93/><F93/><W53/><G53/><T30/><D94/><U78/><E99/><V109/><F109/><W96/><G24/><N who="0" m="16655" /><D16/><N who="1" m="12647" /><E97/><V6/><F6/><W98/><G4/><T105/><D105/><RYUUKYOKU ba="0,1" sc="196,10,240,10,254,10,300,-30" hai0="56,57,60,63,64,65,68,71,79,85" hai1="8,9,11,28,72,78,82" hai2="12,15,18,19,20,29,31,50,55,58,77,83,86" /><INIT seed="4,1,1,1,5,48" ten="206,250,264,270" oya="0" hai0="56,77,94,66,111,20,73,18,69,55,105,51,112" hai1="27,131,107,10,50,12,40,68,109,121,130,22,11" hai2="62,76,117,114,89,83,74,88,61,9,57,122,21" hai3="115,97,104,128,52,98,87,80,92,1,103,23,0"/><T2/><D105/><U95/><E109/><V116/><F122/><W65/><G65/><T4/><D111/><U91/><E107/><V118/><F114/><W60/><G128/><T82/><D112/><U53/><E121/><V44/><F44/><W110/><G110/><T35/><D35/><U133/><E68/><V26/><F9/><W129/><G129/><N who="1" m="49162" /><E12/><V8/><F8/><W15/><G115/><T30/><D30/><N who="1" m="17783" /><E40/><V59/><F21/><W6/><G6/><T72/><D94/><U135/><E135/><V13/><F13/><W106/><G23/><T108/><D108/><U86/><E133/><V100/><F26/><W5/><G5/><T70/><D2/><U16/><E16/><V3/><F100/><W81/><G15/><T17/><D4/><U34/><E34/><V71/><F3/><W78/><G81/><T46/><D72/><U39/><E39/><V84/><F71/><W36/><G36/><T75/><D75/><U123/><E123/><V113/><F113/><W33/><G33/><T54/><D66/><U126/><E126/><V125/><F125/><W63/><G63/><N who="2" m="24073" /><F89/><W25/><G25/><T127/><D127/><U41/><E41/><V93/><AGARI ba="1,1" hai="57,59,74,76,83,84,88,93,116,117,118" m="24073" machi="93" ten="40,2700,0" yaku="12,1,54,1" doraHai="48" who="2" fromWho="2" sc="206,-14,250,-8,264,40,270,-8" /><INIT seed="5,0,0,4,3,80" ten="192,242,304,262" oya="1" hai0="61,100,25,116,33,24,77,10,5,112,0,106,95" hai1="12,122,73,68,34,57,90,41,32,44,27,36,105" hai2="42,13,28,4,43,3,114,118,75,11,93,52,20" hai3="49,7,119,107,22,26,98,101,8,6,81,129,9"/><U79/><E122/><V133/><F118/><W94/><G129/><T121/><D116/><U124/><E124/><V2/><F75/><W85/><G119/><T69/><D121/><U132/><E132/><V87/><F133/><W130/><G130/><T14/><D106/><U120/><E120/><V19/><F114/><W64/><G64/><T103/><D112/><U59/><E105/><V35/><F93/><W111/><G111/><T40/><D77/><U96/><E68/><V29/><F87/><W123/><G123/><T46/><D33/><U99/><E73/><V71/><F71/><W86/><G107/><T88/><D0/><N who="2" m="42" /><F43/><W115/><G81/><T48/><D69/><U45/><E79/><V70/><F52/><W37/><G49/><T76/><D76/><U92/><E45/><V131/><F70/><W117/><G117/><T31/><D61/><U134/><E134/><V15/><F42/><W97/><G37/><T65/><D65/><U50/><E36/><V82/><F82/><W74/><G74/><T102/><REACH who="0" step="1"/><D31/><REACH who="0" ten="182,242,304,262" step="2"/><N who="2" m="11850" /><F131/><W18/><G115/><T84/><AGARI ba="0,1" hai="5,10,14,24,25,40,46,48,84,88,95,100,102,103" machi="84" ten="30,8000,1" yaku="1,1,0,1,8,1,52,1,54,1,53,0" doraHai="80" doraHaiUra="56" who="0" fromWho="0" sc="182,90,242,-40,304,-20,262,-20" /><INIT seed="6,0,0,3,4,84" ten="272,202,284,242" oya="2" hai0="23,80,113,114,74,29,69,9,45,115,71,116,117" hai1="56,78,73,70,36,35,61,131,124,89,25,76,88" hai2="129,39,97,121,5,123,64,48,43,135,54,55,77" hai3="19,106,20,30,90,91,119,65,28,21,101,8,32"/><V98/><F77/><W103/><G119/><N who="0" m="45643" /><D45/><U132/><E36/><V130/><F5/><W62/><G106/><T92/><D9/><U51/><E70/><V96/><F135/><W6/><G32/><T111/><D111/><U125/><E51/><V85/><F85/><W112/><G112/><N who="0" m="28675" /><T120/><DORA hai="15" /><D120/><N who="2" m="46154" /><F64/><W128/><G128/><N who="2" m="49257" /><F39/><W107/><G107/><T44/><D44/><AGARI ba="0,0" hai="43,44,48,54,55,96,97,98" m="49257,46154" machi="44" ten="40,2000,0" yaku="19,1" doraHai="84,15" who="2" fromWho="0" sc="272,-20,202,0,284,20,242,0" /><INIT seed="6,1,0,3,1,56" ten="252,202,304,242" oya="2" hai0="75,96,93,114,54,106,122,53,111,94,115,87,104" hai1="86,103,37,120,108,1,60,29,36,76,51,14,81" hai2="101,44,15,57,6,88,71,30,124,95,38,123,119" hai3="40,23,98,50,20,134,125,5,31,70,12,59,4"/><V109/><F119/><W13/><G70/><T41/><D41/><U27/><E108/><V135/><F30/><W58/><G98/><T127/><D111/><U17/><E1/><V62/><F71/><W24/><G40/><T0/><D0/><U133/><E133/><V92/><F123/><W8/><G134/><T85/><D122/><U19/><E19/><V68/><F68/><W117/><G50/><T126/><D53/><U91/><E51/><V79/><F135/><W112/><G117/><T65/><D65/><U69/><E103/><V52/><F79/><W28/><G125/><T45/><D45/><U89/><E120/><V48/><F124/><N who="0" m="47658" /><D54/><U66/><E36/><V102/><F109/><W110/><G110/><T22/><D22/><U18/><E18/><V33/><F33/><W26/><G112/><N who="0" m="43051" /><D75/><U63/><E37/><V130/><F130/><W73/><G73/><T67/><D67/><U116/><E116/><V47/><F38/><W97/><G97/><T99/><D106/><U35/><REACH who="1" step="1"/><E63/><REACH who="1" ten="252,192,304,242" step="2"/><V113/><F113/><W34/><G34/><T84/><D104/><U121/><E121/><V11/><F44/><W61/><G61/><T21/><D21/><AGARI ba="1,1" hai="14,17,21,27,29,35,60,66,69,76,81,86,89,91" machi="21" ten="30,7700,0" yaku="1,1,7,1,52,1,53,1" doraHai="56" doraHaiUra="82" who="1" fromWho="0" sc="252,-80,192,90,304,0,242,0" /><INIT seed="7,0,0,5,4,86" ten="172,282,304,242" oya="3" hai0="77,37,95,89,34,57,10,8,23,32,39,110,68" hai1="25,116,94,100,76,51,132,121,103,78,44,117,47" hai2="126,61,65,63,31,14,127,29,84,125,81,49,73" hai3="120,16,0,129,106,1,112,107,21,71,104,135,22"/><W26/><G71/><T97/><D110/><U52/><E121/><V90/><F73/><W20/><G120/><T85/><D68/><U102/><E132/><V99/><F14/><W55/><G135/><T91/><D77/><U101/><E117/><V70/><F61/><W123/><G123/><T118/><D118/><U5/><E5/><V43/><F99/><W113/><G55/><T17/><D34/><U4/><E4/><V92/><F81/><W69/><G69/><T35/><D35/><U108/><E108/><V124/><N who="2" m="32256" /><DORA hai="56" /><V46/><AGARI ba="0,0" hai="29,31,43,46,49,63,65,70,84,90,92" m="32256" machi="46" ten="60,8000,1" yaku="4,1,0,1,18,1,52,2" doraHai="86,56" who="2" fromWho="2" sc="172,-20,282,-20,304,80,242,-40" owari="152,-35,262,6,384,49,202,-20" /></mjloggm>