<mjloggm ver="2.3"><GO type="193" lobby="0"/><UN n0="%E7%95%99%E8%90%8C" n1="%E7%AC%AC%E5%8F%82%E5%B9%95" n2="%6B%61%74%79%39%34%39%34" n3="%E6%8C%BF%E5%85%A5%E6%AD%8C%E8%8F%8A%E4%B8%80%E6%96%87%E5%AD%97" dan="12,10,10,11" rate="1654.17,1798.09,1588.90,1834.95" sx="M,F,M,M"/><TAIKYOKU oya="0"/><INIT seed="0,0,0,3,5,111" ten="250,250,250,250" oya="0" hai0="80,54,36,69,0,113,84,88,110,116,87,95,117" hai1="63,21,73,32,25,60,4,105,112,44,3,67,93" hai2="61,135,31,120,74,133,29,125,132,70,78,45,89" hai3="30,43,24,127,9,62,96,41,108,126,77,104,34"/><T57/><D36/><U28/><E73/><V94/><F120/><W72/><G108/><T18/><D69/><U101/><E105/><V109/><F109/><W100/><G9/><T102/><D0/><U92/><E4/><V26/><F45/><W42/><G62/><T22/><D110/><U65/><E3/><V79/><F74/><W13/><G13/><T81/><D102/><U23/><E112/><V103/><F103/><W27/><G27/><T90/><D95/><U123/><E123/><V8/><F8/><W76/><G72/><T85/><D113/><U59/><E44/><V19/><F19/><W68/><REACH who="3" step="1"/><G68/><REACH who="3" ten="250,250,250,240" step="2"/><T91/><D117/><U35/><E35/><V82/><F61/><W17/><G17/><T71/><D71/><U11/><E11/><V66/><F70/><W75/><G75/><T64/><D116/><U97/><REACH who="1" step="1"/><E93/><REACH who="1" ten="250,240,250,240" step="2"/><V53/><F135/><W52/><G52/><T56/><D54/><U40/><E40/><V55/><F53/><W130/><G130/><T49/><D64/><U134/><E134/><V20/><F55/><W38/><G38/><T128/><D128/><U46/><E46/><V114/><F66/><W2/><G2/><T118/><D118/><U122/><E122/><V48/><F132/><W12/><G12/><T131/><D131/><U33/><E33/><V7/><F133/><W47/><G47/><T107/><D107/><U51/><E51/><V58/><F48/><W99/><G99/><T124/><D49/><U119/><E119/><V14/><F7/><W83/><G83/><T37/><D80/><U98/><E98/><RYUUKYOKU ba="0,2" sc="250,-15,240,15,250,-15,240,15" hai1="21,23,25,28,32,59,60,63,65,67,92,97,101" hai3="24,30,34,41,42,43,76,77,96,100,104,126,127" /><INIT seed="1,1,2,5,5,65" ten="235,255,235,255" oya="1" hai0="7,11,117,1,33,127,73,8,78,85,39,68,94" hai1="61,105,97,129,20,125,51,6,46,132,135,130,80" hai2="83,75,110,57,120,113,72,99,124,49,109,128,76" hai3="56,112,22,106,88,81,98,66,104,54,111,63,36"/><U16/><E125/><V53/><F120/><W126/><G112/><T55/><D117/><U13/><E6/><V92/><F124/><W131/><G126/><T5/><D39/><U43/><E61/><V121/><F121/><W102/><G131/><N who="1" m="50186" /><E80/><V45/><F128/><W95/><G111/><N who="2" m="42505" /><F113/><W41/><G54/><T50/><D127/><U70/><E70/><V48/><F75/><W19/><G41/><T34/><D73/><U89/><E89/><V52/><F92/><W10/><G10/><T44/><D68/><U12/><E12/><V96/><AGARI ba="1,2" hai="45,48,49,52,53,57,72,76,83,96,99" m="42505" machi="96" ten="30,2000,0" yaku="14,1,54,1" doraHai="65" who="2" fromWho="2" sc="235,-6,255,-11,235,43,255,-6" /><INIT seed="2,0,0,5,5,24" ten="229,244,278,249" oya="2" hai0="90,76,117,108,41,54,56,16,45,23,98,39,55" hai1="93,8,30,120,18,128,91,135,74,29,22,116,115" hai2="1,50,84,134,111,122,133,131,72,40,101,19,123" hai3="42,102,47,79,53,48,46,7,61,58,88,77,44"/><V65/><F1/><W51/><G102/><T129/><D76/><N who="3" m="29257" /><G7/><T100/><D108/><U95/><E74/><V26/><F72/><W85/><G42/><T113/><D113/><U81/><E115/><V17/><F65/><W83/><AGARI ba="0,0" hai="44,46,47,48,51,53,58,61,83,85,88" m="29257" machi="83" ten="30,2000,0" yaku="8,1,54,1" doraHai="24" who="3" fromWho="3" sc="229,-5,244,-5,278,-10,249,20" /><INIT seed="3,0,0,4,1,51" ten="224,239,268,269" oya="3" hai0="62,67,0,114,61,41,28,133,34,100,4,43,90" hai1="3,39,65,74,22,29,66,87,5,73,122,36,60" hai2="88,113,70,77,96,30,52,89,49,91,101,37,46" hai3="9,119,13,6,45,72,40,18,8,106,58,80,27"/><W95/><G106/><T130/><D114/><U109/><E122/><V82/><F70/><W93/><G119/><T17/><D130/><U127/><E66/><V107/><F37/><W69/><G69/><T117/><D117/><U76/><E109/><V110/><F110/><W12/><G27/><T35/><D100/><U123/><E123/><V129/><F129/><W21/><G21/><T71/><D133/><U38/><E127/><V121/><F121/><W64/><G72/><T115/><D115/><U104/><E104/><V10/><F10/><W79/><G58/><T92/><D61/><U135/><E135/><V54/><F30/><W78/><G64/><T44/><D17/><U16/><E29/><V15/><F15/><W19/><G6/><T31/><D0/><U14/><E87/><V47/><F113/><W86/><G79/><T108/><D4/><U111/><E76/><V1/><F1/><W24/><REACH who="3" step="1"/><G24/><REACH who="3" ten="224,239,268,259" step="2"/><T75/><D108/><U118/><E111/><V126/><F126/><W99/><G99/><T50/><D75/><U131/><E131/><V125/><F125/><W120/><G120/><T98/><REACH who="0" step="1"/><D41/><REACH who="0" ten="214,239,268,259" step="2"/><U59/><REACH who="1" step="1"/><E118/><REACH who="1" ten="214,229,268,259" step="2"/><V132/><F132/><W81/><G81/><T42/><D42/><U83/><E83/><V57/><REACH who="2" step="1"/><F54/><REACH who="2" ten="214,229,258,259" step="2"/><RYUUKYOKU type="reach4" ba="0,4" sc="214,0,229,0,258,0,259,0" hai0="28,31,34,35,43,44,50,62,67,71,90,92,98" hai1="3,5,14,16,22,36,38,39,59,60,65,73,74" hai2="46,47,49,52,57,77,82,88,89,91,96,101,107" hai3="8,9,12,13,18,19,40,45,78,80,86,93,95" /><INIT seed="3,1,4,5,1,111" ten="214,229,258,259" oya="3" hai0="124,103,16,85,53,73,9,40,126,37,82,134,114" hai1="0,122,84,17,113,71,50,130,41,135,22,117,127" hai2="91,74,7,96,95,112,10,42,44,38,2,76,28" hai3="59,55,30,6,109,46,118,18,92,33,57,4,86"/><W34/><G118/><T132/><D114/><U63/><E0/><V87/><F28/><W90/><G109/><T27/><D73/><U131/><E122/><V108/><F108/><W29/><G34/><T51/><D103/><U58/><E117/><V47/><F47/><W100/><G33/><T64/><D64/><U120/><E120/><V119/><F119/><W99/><G18/><T14/><D27/><U3/><E3/><V66/><F66/><W81/><G46/><N who="0" m="27895" /><D37/><U31/><E31/><N who="3" m="11786" /><G59/><T97/><D40/><U80/><E127/><N who="0" m="48681" /><D97/><U43/><E135/><V25/><F25/><W70/><G70/><T110/><D110/><U52/><E113/><V105/><F112/><W67/><G67/><T115/><D115/><U107/><E63/><AGARI ba="1,4" hai="4,6,55,57,63,81,86,90,92,99,100" m="11786" machi="63" ten="30,1500,0" yaku="8,1" doraHai="111" who="3" fromWho="1" sc="214,0,229,-18,258,0,259,58" owari="214,-19,211,-29,258,6,317,42" /></mjloggm>