<mjloggm ver="2.3"><GO type="193" lobby="0"/><UN n0="%E3%81%93%E3%81%93%E3%81%A6%E3%82%93%E3%81%A7%E3%81%99%E3%80%82" n1="%E3%82%B6%E3%83%83%E3%83%84%E3%82%AA%E3%83%BC%E3%83%A9%E3%82%A4" n2="%E5%A4%A7%E7%8E%8B%E9%AC%BC%E7%A5%9E" n3="%E7%95%99%E8%90%8C" dan="12,11,11,12" rate="1711.55,1568.37,1790.82,1666.69" sx="M,M,M,M"/><TAIKYOKU oya="0"/><INIT seed="0,0,0,3,3,22" ten="250,250,250,250" oya="0" hai0="69,126,16,24,133,47,27,124,108,115,34,33,71" hai1="135,79,97,5,96,30,0,9,122,68,49,75,28" hai2="48,4,35,6,94,116,54,40,112,76,110,59,41" hai3="52,92,12,125,53,67,90,25,72,127,66,45,132"/><T1/><D115/><U38/><E122/><V100/><F112/><W23/><G72/><T70/><D1/><U8/><E38/><V56/><F35/><W60/><G12/><T11/><D133/><U113/><E68/><V89/><F110/><W32/><G32/><T62/><D47/><U91/><E113/><V50/><F100/><W128/><G132/><T15/><D108/><U19/><E135/><V29/><F29/><N who="3" m="17599" /><G128/><T7/><D62/><U83/><E49/><N who="2" m="19051" /><F76/><W105/><G105/><T51/><D51/><U121/><E121/><V43/><F116/><W88/><G45/><T120/><D120/><U80/><E96/><N who="2" m="57423" /><F54/><N who="3" m="21099" /><G60/><T131/><D131/><U102/><E83/><V31/><F31/><W114/><G114/><T78/><D78/><U77/><E77/><V99/><F99/><W57/><G57/><AGARI ba="0,0" hai="4,6,40,41,43,56,57,59" m="57423,19051" machi="57" ten="30,1000,0" yaku="8,1" doraHai="22" who="2" fromWho="3" sc="250,0,250,0,250,10,250,-10" /><INIT seed="1,0,0,0,3,24" ten="250,250,260,240" oya="1" hai0="50,84,19,35,20,122,63,103,61,118,28,23,54" hai1="13,59,40,106,56,92,37,27,120,82,26,87,105" hai2="58,17,7,129,104,114,30,66,85,15,18,80,4" hai3="128,130,34,110,12,47,57,70,32,135,93,42,90"/><U91/><E120/><V126/><F104/><W41/><G70/><T74/><D74/><U52/><E106/><V62/><F129/><N who="3" m="49771" /><G135/><T111/><D118/><U79/><E105/><V76/><F126/><W117/><G117/><T132/><D132/><U22/><E40/><N who="3" m="15466" /><G47/><T101/><D111/><U64/><E37/><V0/><F0/><W121/><G121/><T133/><D133/><U98/><E64/><V97/><F114/><W43/><G110/><T68/><D35/><U78/><E56/><V72/><F72/><W2/><G2/><T39/><D39/><U16/><REACH who="1" step="1"/><E79/><REACH who="1" ten="250,240,260,240" step="2"/><V71/><F71/><W112/><G43/><T60/><D68/><U36/><E36/><V124/><F124/><W21/><G112/><T107/><D107/><U99/><E99/><V86/><F97/><N who="3" m="57527" /><G57/><T94/><D122/><U25/><E25/><V44/><F44/><W100/><G100/><T115/><D115/><U29/><E29/><V55/><F30/><W65/><G65/><T6/><D28/><U113/><E113/><V49/><F66/><W1/><G1/><T14/><D101/><U45/><E45/><V102/><F102/><W31/><G31/><T116/><D103/><U83/><E83/><V51/><F80/><W53/><G53/><T109/><D116/><U89/><E89/><V9/><F55/><W95/><G95/><T69/><D109/><U67/><E67/><V10/><F76/><W88/><G88/><N who="0" m="53511" /><D69/><U127/><E127/><V96/><F58/><W8/><G21/><T108/><D108/><U123/><E123/><V75/><F96/><W73/><G73/><RYUUKYOKU ba="0,1" sc="250,-15,240,15,260,-15,240,15" hai1="13,16,22,26,27,52,59,78,82,87,91,92,98" hai3="8,12,32,34" /><INIT seed="1,1,1,3,3,98" ten="235,255,245,255" oya="1" hai0="63,73,10,100,113,48,89,12,108,11,94,57,97" hai1="125,46,81,0,61,133,27,87,29,83,84,70,110" hai2="76,16,40,118,34,21,104,51,23,107,25,134,43" hai3="72,88,55,68,47,105,115,7,6,112,52,33,128"/><U131/><E0/><V114/><F118/><W65/><G33/><T71/><D113/><U36/><E133/><V54/><F34/><W31/><G72/><T80/><D108/><U130/><E125/><V67/><F134/><W135/><G135/><T2/><D2/><U129/><E110/><V101/><F114/><W38/><G31/><T86/><D71/><U121/><E121/><V45/><F76/><W44/><G128/><N who="1" m="32770" /><U35/><DORA hai="8" /><E70/><V28/><F67/><W53/><G105/><T74/><D48/><U120/><E120/><V96/><REACH who="2" step="1"/><F107/><REACH who="2" ten="235,255,235,255" step="2"/><W19/><G65/><T17/><REACH who="0" step="1"/><D11/><REACH who="0" ten="225,255,235,255" step="2"/><U99/><E61/><V102/><F102/><W4/><G68/><T37/><D37/><U119/><E119/><V41/><F41/><W90/><G38/><T69/><D69/><U64/><E36/><V82/><F82/><N who="1" m="31241" /><E64/><AGARI ba="1,3" hai="10,12,17,57,63,64,73,74,80,86,89,94,97,100" machi="64" ten="30,7700,0" yaku="1,1,7,1,52,2,53,0" doraHai="98,8" doraHaiUra="124,103" who="0" fromWho="1" sc="225,110,255,-80,235,0,255,0" /><INIT seed="2,0,0,1,5,101" ten="335,175,235,255" oya="2" hai0="93,120,96,79,100,5,123,2,56,42,25,87,97" hai1="66,92,44,8,48,61,119,53,17,16,57,125,41" hai2="28,115,116,64,107,52,27,74,99,21,69,70,23" hai3="124,59,106,94,30,114,43,131,81,72,54,80,58"/><V108/><F115/><W20/><G72/><T51/><D25/><U89/><E119/><V1/><F116/><W46/><G114/><T133/><D5/><U134/><E125/><V49/><F1/><W40/><G124/><T78/><D2/><U3/><E134/><V128/><F74/><W14/><G131/><T132/><D56/><U22/><E22/><V86/><F128/><W82/><G106/><N who="0" m="63751" /><D51/><U35/><E35/><V39/><F39/><W36/><G94/><T50/><D50/><U9/><E3/><V85/><F108/><W104/><G104/><T118/><D42/><U71/><E71/><V135/><F135/><N who="0" m="51786" /><D118/><U4/><E66/><V103/><F23/><W91/><G40/><T65/><D65/><U111/><E111/><V98/><F98/><W109/><G109/><T68/><D68/><U0/><REACH who="1" step="1"/><E9/><REACH who="1" ten="335,165,235,255" step="2"/><V7/><F69/><W31/><G30/><T117/><D117/><U73/><E73/><V77/><F64/><W13/><G31/><T37/><D37/><U88/><E88/><V47/><F70/><W26/><G20/><T113/><D113/><U121/><E121/><N who="0" m="46665" /><D87/><AGARI ba="0,1" hai="0,4,8,16,17,41,44,48,53,57,61,87,89,92" machi="87" ten="30,3900,0" yaku="1,1,7,1,54,1,53,0" doraHai="101" doraHaiUra="67" who="1" fromWho="0" sc="335,-39,165,49,235,0,255,0" /><INIT seed="3,0,0,3,0,60" ten="296,214,235,255" oya="3" hai0="55,87,80,48,125,132,26,121,8,17,51,40,78" hai1="134,111,94,37,76,102,107,70,20,122,133,112,105" hai2="22,101,66,88,52,39,106,61,21,11,49,54,73" hai3="34,93,23,97,119,63,45,110,79,131,16,91,115"/><W53/><G34/><T104/><D121/><U62/><E112/><V85/><F73/><W92/><G119/><T7/><D104/><U75/><E122/><V86/><F39/><W38/><G115/><T25/><D125/><U135/><E111/><V96/><F85/><W32/><G32/><T14/><D17/><U19/><E37/><V24/><F11/><W118/><G118/><T41/><D41/><U130/><E130/><V35/><F35/><W116/><G116/><T129/><D129/><U117/><E117/><V12/><F12/><W123/><G123/><T100/><D100/><U124/><E124/><V10/><F10/><W30/><G79/><T43/><D43/><U84/><E75/><V31/><F21/><W29/><G131/><T99/><D99/><U59/><E70/><V109/><F49/><W57/><G110/><T47/><D132/><U2/><E2/><V42/><F42/><W6/><G6/><T74/><D74/><U71/><E71/><V69/><F109/><W9/><G9/><T33/><D33/><U108/><E108/><V15/><F15/><W72/><G72/><T120/><D120/><U50/><E107/><V1/><F1/><W44/><G38/><T114/><D114/><U58/><E105/><V81/><AGARI ba="0,0" hai="22,24,31,52,54,61,66,69,81,86,88,96,101,106" machi="81" ten="20,8000,1" yaku="0,1,7,1,52,1,54,2" doraHai="60" who="2" fromWho="2" sc="296,-20,214,-20,235,80,255,-40" owari="276,8,194,-31,315,41,215,-18" /></mjloggm>