<mjloggm ver="2.3"><GO type="193" lobby="0"/><UN n0="%E6%96%B0%E4%BA%BA%33" n1="%E6%86%B2%E9%9B%A8" n2="%32%35%30%31" n3="%E7%95%99%E8%90%8C" dan="12,10,13,12" rate="1660.10,1410.83,1694.58,1667.80" sx="M,M,M,M"/><TAIKYOKU oya="0"/><INIT seed="0,0,0,2,4,8" ten="250,250,250,250" oya="0" hai0="68,76,109,44,18,104,17,79,95,37,80,50,52" hai1="65,113,118,96,34,70,39,69,2,125,15,129,57" hai2="10,31,61,81,38,105,64,11,36,130,55,78,60" hai3="75,85,128,131,25,88,43,92,94,7,59,58,5"/><T51/><D104/><U63/><E118/><V35/><F105/><W66/><G75/><T45/><D68/><U77/><E77/><V87/><F130/><N who="3" m="49707" /><G43/><T1/><D1/><U23/><E129/><V67/><F38/><W86/><G25/><T93/><D109/><U24/><E125/><V28/><F36/><W107/><G107/><T115/><D115/><U133/><E133/><V71/><F55/><W12/><G66/><T106/><D106/><U62/><E39/><V56/><F35/><W73/><G73/><T89/><D37/><U29/><E96/><V48/><F48/><W99/><G59/><T102/><D102/><U0/><E113/><V6/><F11/><N who="3" m="4207" /><G58/><T108/><D108/><U49/><E49/><V42/><F42/><W123/><G7/><T47/><D47/><U22/><E22/><V90/><F78/><N who="0" m="29738" /><D80/><U33/><E33/><V74/><F74/><W110/><G110/><T14/><D89/><U126/><E126/><V103/><F103/><N who="3" m="60903" /><G123/><T32/><D32/><U84/><E84/><AGARI ba="0,0" hai="84,85,86,88,94" m="60903,4207,49707" machi="84" ten="30,3900,0" yaku="19,1,52,1,54,1" doraHai="8" who="3" fromWho="1" sc="250,0,250,-39,250,0,250,39" /><INIT seed="1,0,0,4,1,113" ten="250,211,250,289" oya="1" hai0="117,45,124,37,10,112,12,91,109,74,79,116,61" hai1="127,82,6,1,42,51,3,72,2,120,98,66,125" hai2="96,27,38,83,118,132,99,16,57,63,101,41,49" hai3="131,17,73,94,78,104,7,44,64,13,81,59,121"/><U123/><E66/><V80/><F38/><W108/><G121/><N who="1" m="46666" /><E51/><V128/><F128/><W46/><G104/><T48/><D112/><U97/><E6/><V14/><F132/><W102/><G131/><T129/><D129/><U50/><E50/><V26/><F118/><W68/><G68/><T62/><D37/><U130/><E42/><V19/><F101/><W95/><G7/><T32/><D32/><U69/><E130/><V76/><F63/><W31/><G31/><T126/><D109/><U100/><E69/><V18/><F49/><W9/><G108/><T25/><D25/><N who="2" m="9226" /><F14/><W90/><G102/><T39/><D39/><U54/><E54/><V8/><F8/><W77/><G77/><T89/><D79/><N who="1" m="44391" /><E100/><V133/><F133/><W20/><G9/><T135/><D135/><U34/><E34/><V115/><F115/><W5/><G5/><T103/><D103/><U40/><E40/><V22/><F22/><W114/><G114/><T21/><D21/><U92/><E92/><V28/><F28/><W58/><G64/><T15/><D48/><U24/><E24/><V53/><F41/><W52/><G59/><T111/><D111/><U107/><E107/><V87/><F80/><W55/><G95/><T36/><D36/><U88/><E88/><V84/><F84/><N who="3" m="52551" /><G55/><T4/><D10/><U23/><E23/><V29/><F29/><W11/><G20/><T0/><D4/><U67/><E67/><V86/><F86/><W33/><G33/><T93/><D0/><N who="1" m="3" /><U106/><DORA hai="70" /><E106/><V85/><F85/><W119/><G119/><T60/><D116/><RYUUKYOKU ba="0,0" sc="250,-30,211,10,250,10,289,10" hai1="97,98,125,127" hai2="16,18,19,53,57,76,83,87,96,99" hai3="11,13,17,44,46,52,58,73,78,81" /><INIT seed="1,1,0,0,2,88" ten="220,221,260,299" oya="1" hai0="41,104,42,95,44,92,66,28,52,46,101,120,129" hai1="76,89,90,39,117,6,19,131,20,26,50,73,126" hai2="65,45,17,77,4,113,135,80,57,51,34,11,72" hai3="78,119,82,13,116,27,91,40,132,47,59,109,127"/><U29/><E117/><N who="3" m="45130" /><G109/><T121/><D104/><U123/><E123/><N who="0" m="47177" /><D129/><U18/><E39/><V118/><F113/><W106/><G106/><T56/><D101/><U36/><E36/><V8/><F118/><W128/><G27/><T70/><D70/><U67/><E73/><V64/><F135/><W99/><G128/><T68/><D68/><U30/><E131/><V32/><F32/><W15/><G132/><T100/><D28/><N who="1" m="10859" /><E126/><V87/><F72/><N who="3" m="43335" /><G127/><T14/><D14/><N who="1" m="9303" /><E76/><V107/><F107/><W74/><G74/><T25/><D25/><U130/><E130/><V16/><F34/><W84/><G99/><T22/><D22/><N who="1" m="13663" /><E50/><V43/><F57/><W81/><G59/><T71/><D71/><U75/><E75/><V33/><F33/><W94/><G81/><T3/><D100/><U1/><E67/><N who="2" m="25675" /><F8/><W111/><G111/><T2/><D66/><U0/><E6/><V49/><F49/><AGARI ba="1,0" hai="13,15,40,47,49,84,91,94" m="43335,45130" machi="49" ten="30,2000,0" yaku="12,1,52,1" doraHai="88" who="3" fromWho="2" sc="220,0,221,0,260,-23,299,23" /><INIT seed="2,0,0,4,5,122" ten="220,221,237,322" oya="2" hai0="7,16,126,65,59,60,106,53,44,46,74,3,9" hai1="70,71,58,129,79,92,47,18,4,109,99,77,54" hai2="23,84,29,125,76,57,48,39,66,112,63,123,36" hai3="50,83,19,28,6,69,94,81,21,115,103,8,86"/><V80/><F123/><W89/><G69/><T40/><D106/><U135/><E71/><V72/><F112/><W67/><G67/><T22/><D74/><U101/><E70/><V87/><F125/><W85/><G115/><T30/><D126/><U35/><E35/><V38/><REACH who="2" step="1"/><F48/><REACH who="2" ten="220,221,227,322" step="2"/><W55/><G50/><T82/><D30/><U100/><E135/><V14/><F14/><N who="3" m="5399" /><G55/><T91/><D40/><U90/><E129/><V120/><F120/><W104/><G104/><T15/><REACH who="0" step="1"/><D53/><REACH who="0" ten="210,221,227,322" step="2"/><U42/><E42/><V117/><F117/><W134/><G28/><T121/><D121/><U33/><E33/><V24/><AGARI ba="0,2" hai="23,24,29,36,38,39,57,63,66,72,76,80,84,87" machi="24" ten="40,3900,0" yaku="1,1,0,1,53,0" doraHai="122" doraHaiUra="127" who="2" fromWho="2" sc="210,-13,221,-13,227,59,322,-13" /><INIT seed="2,1,0,1,4,111" ten="197,208,286,309" oya="2" hai0="86,102,113,37,44,87,79,116,108,43,51,104,71" hai1="107,80,131,128,47,26,39,1,15,78,58,129,32" hai2="63,11,126,3,72,66,88,6,14,5,31,112,75" hai3="13,89,55,81,82,69,19,62,12,2,52,100,121"/><V16/><F112/><W38/><G2/><T49/><D71/><U134/><E58/><V56/><F126/><W119/><G119/><T124/><D116/><U92/><E92/><V94/><F31/><W17/><G38/><T103/><D124/><U23/><E15/><N who="3" m="5706" /><G121/><T93/><D108/><U60/><E26/><V110/><F110/><W85/><G69/><T61/><D104/><U133/><E23/><V96/><F5/><W120/><G120/><T64/><D113/><U67/><E32/><V70/><F70/><W24/><G100/><T101/><D87/><U10/><E107/><V99/><REACH who="2" step="1"/><F96/><REACH who="2" ten="197,208,276,309" step="2"/><W7/><G7/><T125/><D125/><U30/><E30/><V54/><F54/><N who="3" m="20523" /><G24/><T109/><D109/><U76/><E67/><V74/><F74/><W42/><G42/><T90/><D64/><U65/><E65/><V18/><F18/><N who="3" m="6667" /><G62/><T105/><D105/><U41/><E60/><V46/><F46/><W35/><G35/><T114/><D114/><U34/><E34/><V122/><F122/><W25/><G25/><T135/><D135/><N who="1" m="51723" /><E80/><AGARI ba="1,1" hai="80,81,82,85,89" m="6667,20523,5706" machi="80" ten="30,2000,0" yaku="8,1,54,1" doraHai="111" who="3" fromWho="1" sc="197,0,208,-23,276,0,309,33" /><INIT seed="3,0,0,0,1,110" ten="197,185,276,342" oya="3" hai0="35,108,101,17,33,93,78,34,66,116,104,123,9" hai1="50,40,36,30,71,49,5,59,48,84,112,28,111" hai2="18,57,109,128,65,98,103,73,125,69,24,121,91" hai3="3,75,126,79,89,132,135,44,51,72,90,119,45"/><W53/><G119/><T61/><D116/><U86/><E5/><V16/><F121/><W2/><G126/><T83/><D108/><U74/><E74/><V87/><F125/><W10/><G10/><T46/><D123/><U70/><E111/><V32/><F109/><W37/><G79/><T15/><D104/><U60/><E36/><V21/><F128/><W41/><G53/><T52/><D101/><U99/><E99/><V115/><F73/><W62/><G62/><T6/><D93/><U85/><E40/><V58/><F115/><W80/><G41/><T120/><D120/><U22/><E22/><V1/><F1/><W82/><G51/><T94/><D94/><U92/><E92/><V20/><F32/><W0/><REACH who="3" step="1"/><G0/><REACH who="3" ten="197,185,276,332" step="2"/><T7/><D46/><U102/><E60/><V95/><F69/><N who="1" m="26121" /><E59/><V124/><F65/><W56/><G56/><T64/><D66/><U55/><E55/><V14/><F124/><W129/><G129/><T42/><D42/><U11/><E11/><V39/><F39/><AGARI ba="0,1" hai="2,3,37,39,44,45,72,75,80,82,89,90,132,135" machi="39" ten="25,4800,0" yaku="1,1,22,2,53,0" doraHai="110" doraHaiUra="96" who="3" fromWho="2" sc="197,0,185,0,276,-48,332,58" owari="197,-20,185,-31,228,3,390,48" /></mjloggm>