<mjloggm ver="2.3"><GO type="137" lobby="0"/><UN n0="%E5%B6%BA%E4%B8%8A%E4%BD%BF%E3%81%84" n1="%63%61%73%63%61%64%65%21" n2="%E3%82%B5%E3%82%A4%E3%82%B3%73%6E%61%70" n3="%E7%95%99%E8%90%8C" dan="11,11,12,12" rate="1669.48,1613.40,1652.40,1774.03" sx="M,M,F,M"/><TAIKYOKU oya="0"/><INIT seed="0,0,0,4,0,34" ten="250,250,250,250" oya="0" hai0="79,103,4,42,32,124,97,62,131,50,44,101,36" hai1="134,78,96,89,126,24,130,77,115,71,26,94,9" hai2="119,104,109,116,29,122,106,57,17,135,48,21,80" hai3="19,49,61,54,75,30,63,37,38,118,10,84,127"/><T65/><D79/><U41/><E71/><V93/><F122/><W76/><G30/><T56/><D32/><U110/><E110/><V25/><F109/><W14/><G75/><T13/><D131/><U16/><E130/><V114/><F114/><W86/><G118/><N who="2" m="45097" /><F135/><W91/><G127/><T28/><D124/><U7/><E126/><V117/><N who="2" m="45105" /><V3/><DORA hai="51" /><F80/><W40/><G37/><T15/><D28/><U73/><E115/><V22/><F93/><W88/><G76/><T55/><D4/><U68/><E68/><V58/><F3/><W0/><G0/><T132/><D132/><U98/><E134/><V2/><F2/><W107/><G107/><N who="2" m="41001" /><F48/><W66/><G38/><T69/><REACH who="0" step="1"/><D101/><REACH who="0" ten="240,250,250,250" step="2"/><U20/><E73/><V53/><F53/><W102/><G102/><T81/><D81/><U6/><E41/><V23/><F17/><W45/><G40/><T18/><D18/><U52/><E98/><V99/><F99/><W112/><G112/><T33/><D33/><AGARI ba="0,1" hai="21,22,23,25,29,33,57,58" m="41001,45105" machi="33" ten="50,1600,0" yaku="12,1" doraHai="34,51" who="2" fromWho="0" sc="240,-16,250,0,250,26,250,0" /><INIT seed="1,0,0,0,4,87" ten="224,250,276,250" oya="1" hai0="75,49,25,26,115,111,84,76,3,82,83,24,2" hai1="97,108,74,21,99,35,45,113,112,40,51,59,34" hai2="94,96,43,126,116,16,48,85,47,103,125,10,106" hai3="89,88,110,8,118,7,124,77,78,73,12,29,64"/><U134/><E74/><V39/><F116/><W68/><G29/><T81/><D115/><U56/><E134/><V109/><F109/><W60/><G118/><T86/><D111/><U127/><E21/><V131/><F131/><W91/><G110/><T93/><D49/><U18/><E108/><V122/><F122/><W123/><G123/><T54/><D54/><U119/><E18/><V19/><F39/><W53/><G53/><T66/><D66/><U11/><E11/><V102/><F85/><W133/><G133/><T80/><REACH who="0" step="1"/><D93/><REACH who="0" ten="214,250,276,250" step="2"/><U129/><E119/><V33/><F94/><W63/><G63/><T132/><D132/><U20/><E129/><V5/><F126/><W107/><G124/><T135/><D135/><U61/><E127/><V32/><F125/><W4/><G107/><T22/><D22/><U120/><E120/><V41/><F106/><W70/><G70/><T98/><D98/><U128/><E128/><V92/><F33/><W46/><G46/><T13/><D13/><U58/><E61/><V114/><F32/><W79/><REACH who="3" step="1"/><G73/><REACH who="3" ten="214,250,276,240" step="2"/><T23/><D23/><U6/><E112/><V95/><F114/><W55/><G55/><T9/><D9/><U15/><E113/><V105/><F105/><W50/><G50/><T71/><D71/><U65/><E65/><V121/><F48/><W1/><G1/><AGARI ba="0,2" hai="1,2,3,24,25,26,75,76,80,81,82,83,84,86" machi="1" ten="50,1600,0" yaku="1,1,53,0" doraHai="87" doraHaiUra="28" who="0" fromWho="3" sc="214,36,250,0,276,0,240,-16" /><INIT seed="2,0,0,0,1,13" ten="250,250,276,224" oya="2" hai0="133,76,58,57,52,29,98,37,67,73,81,31,12" hai1="28,51,21,48,116,40,96,0,27,86,97,89,78" hai2="69,9,90,117,87,127,124,60,24,101,104,106,26" hai3="17,109,49,11,125,15,34,135,111,25,134,99,47"/><V72/><F117/><W95/><G34/><T36/><D98/><U14/><E116/><V1/><F72/><W107/><G107/><T100/><D100/><U59/><E0/><V41/><F41/><W85/><G85/><T80/><D133/><N who="3" m="50697" /><G125/><N who="2" m="48201" /><F1/><W68/><G68/><T3/><D3/><U35/><E78/><V113/><F113/><W110/><G25/><N who="2" m="9833" /><F9/><W91/><G49/><T65/><D52/><U54/><E51/><V20/><F20/><W38/><G38/><T19/><D73/><U55/><E54/><V33/><F33/><W43/><G43/><T70/><D76/><U119/><E40/><V66/><F101/><W114/><G47/><T16/><REACH who="0" step="1"/><D12/><REACH who="0" ten="240,250,276,224" step="2"/><U75/><E119/><V62/><F62/><W61/><G61/><T126/><D126/><U53/><E75/><V5/><F5/><W39/><G39/><T128/><D128/><U94/><REACH who="1" step="1"/><E55/><REACH who="1" ten="240,240,276,224" step="2"/><V10/><F10/><W32/><G114/><T131/><D131/><U108/><E108/><V122/><F122/><W23/><G32/><T132/><D132/><U105/><E105/><V7/><F7/><W4/><G4/><T88/><D88/><U74/><E74/><V56/><F69/><AGARI ba="0,2" hai="16,19,29,31,36,37,57,58,65,67,69,70,80,81" machi="69" ten="25,12000,2" yaku="1,1,22,2,52,2,54,1,53,0" doraHai="13" doraHaiUra="22" who="0" fromWho="2" sc="240,140,240,0,276,-120,224,0" /><INIT seed="3,0,0,2,1,46" ten="380,240,156,224" oya="3" hai0="88,19,116,124,23,93,32,22,86,69,25,113,57" hai1="7,6,20,60,18,95,122,31,10,87,41,35,45" hai2="1,54,127,128,14,5,75,80,96,109,4,24,0" hai3="13,67,30,112,64,27,100,11,123,108,49,39,126"/><W29/><G123/><T134/><D116/><U121/><E122/><V36/><F109/><W68/><G39/><T81/><D69/><U131/><E121/><V40/><F127/><W78/><G112/><T106/><D124/><U8/><E131/><V101/><F128/><W65/><G68/><T104/><D134/><U89/><E60/><V125/><F125/><W130/><G126/><T70/><D70/><U2/><E10/><V77/><F24/><W66/><G130/><T98/><D113/><U79/><E7/><V50/><F14/><W94/><G78/><T72/><D32/><U26/><E79/><V52/><F50/><W99/><G108/><T33/><D33/><U110/><E110/><V76/><F76/><W129/><G129/><T84/><D57/><U44/><REACH who="1" step="1"/><E41/><REACH who="1" ten="380,230,156,224" step="2"/><V47/><F4/><W59/><G67/><T3/><D3/><U114/><E114/><V42/><F1/><W48/><G59/><T133/><D133/><U73/><E73/><V90/><F42/><W9/><G9/><T91/><D72/><U34/><E34/><V28/><F90/><W111/><G111/><T21/><REACH who="0" step="1"/><D98/><REACH who="0" ten="370,230,156,224" step="2"/><U62/><E62/><V61/><F61/><W55/><G66/><T37/><D37/><U85/><E85/><V107/><REACH who="2" step="1"/><F28/><REACH who="2" ten="370,230,146,224" step="2"/><W92/><G30/><T102/><D102/><U74/><E74/><V117/><F117/><W15/><G65/><T63/><D63/><U105/><E105/><AGARI ba="0,3" hai="19,21,22,23,25,81,84,86,88,91,93,104,105,106" machi="105" ten="40,2600,0" yaku="1,1,54,1,53,0" doraHai="46" doraHaiUra="43" who="0" fromWho="1" sc="370,56,230,-26,146,0,224,0" /><INIT seed="4,0,0,0,3,121" ten="426,204,146,224" oya="0" hai0="79,122,29,112,33,39,35,34,118,106,45,71,81" hai1="126,32,27,133,58,129,102,7,74,14,22,88,94" hai2="12,37,4,123,127,87,25,67,104,82,91,72,86" hai3="55,103,128,43,46,135,28,98,2,80,100,78,3"/><T11/><D118/><U41/><E74/><V89/><F123/><W9/><G28/><T54/><D122/><U65/><E126/><V18/><F37/><W61/><G128/><T84/><D71/><U60/><E129/><V26/><F127/><W93/><G135/><T111/><D11/><U24/><E133/><V110/><F67/><W92/><G2/><T16/><D29/><U68/><E41/><V62/><F4/><W66/><G3/><T56/><D16/><U117/><E117/><V19/><F72/><W44/><G9/><T109/><D106/><U38/><E38/><V70/><F104/><W95/><G55/><T90/><D112/><U51/><E102/><N who="3" m="38954" /><G98/><T5/><D5/><U124/><E124/><V96/><F96/><W64/><G61/><N who="0" m="35991" /><D39/><U23/><E32/><V30/><F110/><N who="0" m="41994" /><D45/><N who="3" m="17513" /><G43/><T97/><D97/><U40/><E14/><V31/><F62/><W59/><G59/><T134/><D134/><U113/><E7/><V15/><REACH who="2" step="1"/><F70/><REACH who="2" ten="426,204,136,224" step="2"/><W105/><G105/><T85/><D35/><U1/><E68/><V42/><F42/><W50/><G50/><T99/><D99/><U49/><E51/><V75/><F75/><W48/><G48/><T73/><D73/><U107/><E49/><V125/><F125/><W76/><G76/><T53/><D53/><U83/><E113/><V120/><F120/><W21/><G78/><T17/><D79/><U0/><E107/><V36/><F36/><W115/><G115/><T116/><D116/><U52/><E52/><V108/><F108/><W101/><G101/><T131/><D131/><U20/><E40/><RYUUKYOKU ba="0,1" sc="426,-10,204,-10,136,30,224,-10" hai2="12,15,18,19,25,26,30,31,82,86,87,89,91" /><INIT seed="5,1,1,3,3,96" ten="416,194,166,214" oya="1" hai0="112,67,30,124,29,76,92,33,77,56,50,81,46" hai1="32,115,51,27,107,2,45,85,48,113,55,12,97" hai2="70,19,57,104,93,37,134,41,61,0,86,114,3" hai3="65,18,54,7,84,111,26,131,52,71,90,73,20"/><U126/><E2/><V100/><F134/><W78/><G7/><T89/><D112/><N who="1" m="43083" /><E126/><V105/><F114/><W58/><G111/><T79/><D124/><U118/><E118/><V66/><F105/><W69/><G73/><T75/><D33/><U83/><E12/><V102/><F70/><W122/><G122/><T62/><D75/><U128/><E128/><V101/><F19/><W40/><G40/><N who="0" m="24903" /><D81/><U35/><E27/><V108/><F108/><W34/><G78/><T98/><AGARI ba="1,1" hai="29,30,56,62,67,76,77,79,89,92,98" m="24903" machi="98" ten="30,1100,0" yaku="8,1" doraHai="96" who="0" fromWho="0" sc="416,24,194,-6,166,-4,214,-4" /><INIT seed="6,0,0,2,1,5" ten="440,188,162,210" oya="2" hai0="26,75,18,126,134,25,101,56,38,14,63,122,2" hai1="91,12,80,64,102,3,69,44,15,86,33,67,39" hai2="4,10,114,43,32,98,20,41,81,49,100,96,123" hai3="97,112,132,118,113,23,83,131,108,66,71,82,111"/><V110/><F123/><W62/><G118/><T93/><D122/><U55/><E33/><V30/><F32/><W46/><G97/><N who="0" m="59567" /><D75/><U117/><E117/><V135/><F114/><N who="3" m="44139" /><G23/><N who="0" m="11735" /><D2/><U115/><E115/><V45/><F135/><W94/><G132/><T87/><D38/><U88/><E102/><V77/><F110/><N who="3" m="42027" /><G131/><T89/><D134/><U60/><E64/><V103/><F41/><W70/><G94/><N who="0" m="54591" /><D126/><U127/><E127/><V1/><F30/><W50/><G71/><T59/><D59/><U68/><E69/><V73/><REACH who="2" step="1"/><F20/><REACH who="2" ten="440,188,152,210" step="2"/><W29/><G29/><T31/><D31/><U40/><E3/><V130/><F130/><W19/><G19/><T22/><D22/><U128/><E128/><V116/><F116/><W27/><G27/><T61/><D56/><U65/><E65/><V58/><F58/><W109/><N who="3" m="42035" /><W48/><DORA hai="124" /><G48/><T13/><D26/><U76/><REACH who="1" step="1"/><E55/><AGARI ba="0,1" hai="46,50,55,62,66,70,82,83" m="42035,44139" machi="55" ten="40,2600,0" yaku="15,1,11,1" doraHai="5,124" who="3" fromWho="1" sc="440,0,188,-26,152,0,210,36" /><INIT seed="7,0,0,1,5,124" ten="440,162,152,246" oya="3" hai0="55,32,82,132,14,135,121,1,79,94,21,83,37" hai1="105,48,64,118,129,0,68,92,85,71,24,130,27" hai2="20,126,33,3,100,44,87,134,46,42,127,59,39" hai3="29,4,43,70,22,5,112,10,76,12,125,40,93"/><W107/><G70/><N who="1" m="26666" /><E0/><V17/><F33/><W35/><G107/><T116/><D37/><U102/><E105/><V98/><F3/><W31/><G125/><N who="2" m="47625" /><F134/><N who="0" m="51242" /><D32/><U11/><E11/><V56/><F46/><W91/><G76/><T65/><D65/><U80/><E118/><V38/><F87/><W58/><G112/><T47/><D1/><U108/><E108/><V2/><F2/><W66/><G43/><T128/><D116/><U15/><E15/><N who="2" m="9279" /><F38/><W9/><G40/><T25/><D128/><N who="1" m="49259" /><E48/><V60/><F60/><N who="3" m="38167" /><G35/><T89/><D121/><U88/><E64/><V120/><F120/><W45/><G45/><T41/><D55/><U30/><E30/><V63/><F63/><W57/><G57/><T95/><D14/><U16/><E16/><V104/><AGARI ba="0,0" hai="39,42,44,56,59,98,100,104" m="9279,47625" machi="104" ten="30,1100,0" yaku="18,1" doraHai="124" who="2" fromWho="2" sc="440,-3,162,-3,152,11,246,-5" owari="437,54,159,-34,163,-24,241,4" /></mjloggm>