<mjloggm ver="2.3"><GO type="137" lobby="0"/><UN n0="%46%55%4B%55%4D%41%52%55" n1="%E7%95%99%E8%90%8C" n2="%E7%94%98%E3%81%88%E3%81%B3" n3="%6B%61%7A%75%70%6F%6E%21" dan="11,12,13,10" rate="1706.50,1771.74,1778.03,1406.30" sx="M,M,M,F"/><TAIKYOKU oya="0"/><INIT seed="0,0,0,2,3,105" ten="250,250,250,250" oya="0" hai0="66,103,82,132,78,98,35,51,44,37,2,115,89" hai1="14,130,110,79,20,76,60,86,83,49,59,53,85" hai2="32,23,113,25,10,67,75,102,111,117,96,135,54" hai3="41,9,94,70,109,19,107,52,121,30,97,39,0"/><T38/><D35/><U108/><E130/><V87/><F113/><W124/><G124/><T120/><D115/><U50/><E20/><V7/><F67/><W92/><G70/><T81/><D66/><U134/><E134/><V34/><F135/><W33/><G121/><T24/><D2/><U128/><E128/><V116/><F87/><W17/><G109/><N who="1" m="42090" /><E14/><V42/><F42/><W4/><G39/><T133/><D120/><U26/><E26/><V31/><F111/><W112/><G112/><T71/><D71/><U62/><E62/><V93/><F54/><W3/><G41/><T40/><D133/><U47/><E47/><V64/><F64/><W69/><G0/><T46/><D132/><U104/><E104/><V125/><F125/><W114/><G114/><T126/><D126/><U131/><E131/><V118/><F75/><W55/><G69/><T91/><D46/><U80/><AGARI ba="0,0" hai="49,50,53,59,60,76,79,80,83,85,86" m="42090" machi="80" ten="30,1100,0" yaku="14,1" doraHai="105" who="1" fromWho="1" sc="250,-5,250,11,250,-3,250,-3" /><INIT seed="1,0,0,3,3,90" ten="245,261,247,247" oya="1" hai0="108,9,106,116,100,51,95,84,62,70,83,69,109" hai1="103,1,77,89,20,132,63,96,31,135,82,7,75" hai2="39,47,55,117,81,44,19,35,123,8,85,40,110" hai3="128,101,88,92,76,6,42,107,2,97,54,115,10"/><U68/><E1/><V38/><F35/><W28/><G115/><T124/><D106/><U111/><E7/><V91/><F123/><W27/><G128/><T4/><D116/><U60/><E111/><V33/><F110/><N who="0" m="42602" /><D62/><U119/><E119/><V78/><F33/><W53/><G42/><T127/><D51/><U48/><E48/><V93/><F117/><W118/><G76/><T99/><D84/><U45/><E45/><V22/><F8/><W26/><G118/><T86/><D86/><U120/><E120/><V125/><F125/><N who="0" m="48202" /><D83/><U23/><E68/><V57/><F39/><W12/><G26/><T129/><D129/><U94/><E31/><V5/><F5/><W104/><G2/><AGARI ba="0,0" hai="2,4,9,69,70,95,99,100" m="48202,42602" machi="2" ten="30,3900,0" yaku="14,1,18,1,52,1" doraHai="90" who="0" fromWho="3" sc="245,39,261,0,247,0,247,-39" /><INIT seed="2,0,0,3,2,8" ten="284,261,247,208" oya="2" hai0="44,72,54,113,71,87,39,118,93,105,83,26,74" hai1="19,36,119,53,91,6,77,114,59,34,42,70,32" hai2="92,69,104,55,27,35,85,107,102,123,131,13,11" hai3="46,31,67,127,78,25,128,17,88,24,125,51,132"/><V75/><F75/><W73/><G67/><T110/><D105/><U124/><E119/><V90/><F69/><W66/><G66/><T97/><D71/><U99/><E77/><V57/><F123/><W48/><G31/><T116/><D113/><U133/><E70/><V3/><F3/><W28/><G73/><T106/><D106/><U86/><E114/><V40/><F40/><W56/><G28/><T109/><D26/><U65/><E6/><V52/><F131/><W129/><G78/><N who="0" m="46583" /><D54/><U22/><E36/><V134/><F55/><W80/><G56/><T126/><D44/><U130/><E42/><V21/><F134/><W108/><G108/><N who="0" m="41579" /><D126/><N who="3" m="48137" /><G17/><T7/><D7/><U12/><E65/><V33/><F104/><W2/><G2/><T0/><D0/><U29/><E124/><V62/><F107/><W9/><G9/><T60/><D60/><U89/><E133/><V16/><F102/><W1/><G1/><T14/><D14/><U23/><E130/><N who="3" m="50282" /><G46/><T15/><D15/><U79/><E79/><V96/><REACH who="2" step="1"/><F85/><REACH who="2" ten="284,261,237,208" step="2"/><N who="3" m="50215" /><G132/><T45/><D39/><U122/><E122/><V95/><F95/><W41/><G41/><T18/><D45/><U4/><E86/><V103/><F103/><W76/><G76/><T47/><D47/><U37/><E37/><V100/><F100/><W20/><G20/><T120/><D120/><U64/><E23/><V117/><F117/><N who="0" m="45162" /><D18/><AGARI ba="0,1" hai="11,13,16,18,21,27,33,35,52,57,62,90,92,96" machi="18" ten="30,24000,3" yaku="1,1,7,1,25,2,52,1,54,2,53,2" doraHai="8" doraHaiUra="30" who="2" fromWho="0" sc="284,-240,261,0,237,250,208,0" /><INIT seed="2,1,0,3,5,81" ten="44,261,487,208" oya="2" hai0="60,61,46,18,22,115,134,57,52,0,90,106,129" hai1="63,70,54,67,132,32,76,44,78,5,65,87,8" hai2="114,88,108,39,1,116,80,31,17,34,20,131,130" hai3="79,127,123,62,83,109,86,55,124,98,91,30,27"/><V68/><BYE who="0" /><F39/><W119/><G119/><T59/><D59/><U64/><E32/><V103/><F68/><W53/><G123/><T7/><D7/><U45/><E8/><V97/><F114/><W95/><G109/><T23/><D23/><U77/><E5/><V89/><F116/><W117/><G62/><T26/><D26/><U14/><E14/><V126/><F1/><W102/><G117/><T133/><D133/><U110/><E132/><V38/><F38/><W15/><G15/><T112/><D112/><U6/><E6/><V19/><F34/><W125/><REACH who="3" step="1"/><G79/><REACH who="3" ten="44,261,487,198" step="2"/><T21/><D21/><AGARI ba="1,1" hai="21,27,30,53,55,83,86,91,95,98,102,124,125,127" machi="21" ten="40,12000,2" yaku="1,1,2,1,18,1,52,1,53,3" doraHai="81" doraHaiUra="135" who="3" fromWho="0" sc="44,-123,261,0,487,0,198,133" owari="-79,-58,261,-14,487,59,331,13" /></mjloggm>