<mjloggm ver="2.3"><GO type="9" lobby="4807"/><UN n0="%E3%81%B0%E3%81%A3%E3%81%8F%E3%81%99" n1="%E3%81%B1%E3%81%B5%E3%81%83" n2="%6E%61%6B%6B%61%61" n3="%E7%95%99%E8%90%8C" dan="6,1,1,12" rate="1430.23,1358.48,1465.42,1743.28" sx="M,M,M,M"/><TAIKYOKU oya="0"/><INIT seed="0,0,0,3,3,65" ten="250,250,250,250" oya="0" hai0="91,73,17,132,116,0,85,88,76,126,59,93,47" hai1="45,104,18,100,57,39,82,109,128,52,46,16,111" hai2="43,3,71,105,58,80,21,124,121,79,9,24,70" hai3="135,125,64,38,49,19,123,11,61,33,40,97,10"/><T4/><D59/><U62/><E128/><V56/><F121/><W134/><G33/><T131/><D116/><U89/><E39/><V72/><F105/><W7/><G123/><T107/><D107/><U14/><E104/><V27/><F124/><W60/><G125/><T31/><D47/><U5/><E100/><V103/><F103/><W74/><G74/><T15/><D131/><U42/><E42/><V63/><F43/><W95/><G38/><T36/><D36/><U112/><E112/><V35/><F3/><W1/><G40/><T78/><D73/><U44/><E82/><V99/><F99/><W26/><G49/><T119/><D119/><U115/><E89/><V6/><F35/><W122/><G122/><T120/><D120/><U48/><E115/><V37/><F37/><W53/><G53/><T69/><D69/><N who="2" m="26122" /><F63/><W8/><G97/><T101/><D91/><U130/><E130/><V110/><F21/><N who="3" m="13631" /><G95/><T106/><D126/><U77/><E77/><V108/><F72/><W67/><G67/><T98/><D132/><N who="3" m="50729" /><G61/><T102/><D102/><U13/><E5/><V22/><F22/><W114/><G114/><T87/><D87/><U29/><E29/><V2/><F2/><W23/><G23/><T32/><D0/><U41/><E41/><V92/><F92/><W25/><G25/><N who="2" m="9801" /><F6/><W90/><G90/><T66/><D66/><U12/><REACH who="1" step="1"/><E62/><REACH who="1" ten="250,240,250,250" step="2"/><V55/><F55/><W118/><G118/><T68/><D68/><AGARI ba="0,1" hai="1,7,8,10,11,60,64,68" m="50729,13631" machi="68" ten="30,2000,0" yaku="20,1,52,1" doraHai="65" who="3" fromWho="0" sc="250,-20,240,0,250,0,250,30" /><INIT seed="1,0,0,3,2,60" ten="230,240,250,280" oya="1" hai0="17,1,105,127,117,78,98,4,39,75,16,22,93" hai1="38,84,87,29,11,27,94,68,18,135,61,131,25" hai2="7,97,116,36,3,69,99,8,85,109,28,66,108" hai3="53,67,120,50,62,119,14,49,21,44,125,15,19"/><U104/><E135/><V52/><F116/><W124/><G119/><T79/><D39/><U96/><E131/><V80/><F28/><W58/><G120/><T73/><D117/><U48/><E104/><V103/><F36/><W82/><G82/><T12/><D127/><N who="3" m="48713" /><G49/><T41/><D41/><U72/><E72/><V81/><F69/><W47/><G47/><T24/><D105/><U118/><E38/><V130/><F85/><W112/><G112/><T132/><D132/><U59/><E118/><V56/><F3/><W88/><G88/><N who="0" m="55591" /><D1/><U5/><E68/><V30/><F30/><W71/><G71/><T37/><D37/><U113/><E113/><V32/><F32/><W89/><G89/><T110/><D110/><N who="2" m="42602" /><F130/><W64/><G64/><T102/><D102/><U86/><E48/><N who="2" m="30727" /><F66/><W57/><G57/><T83/><D73/><U42/><E42/><V6/><F103/><W107/><G107/><T65/><D75/><U123/><E123/><V33/><F33/><W10/><G14/><T43/><D43/><U20/><E5/><N who="2" m="1547" /><F8/><AGARI ba="0,0" hai="8,10,15,19,21,44,50,53,58,62,67" m="48713" machi="8" ten="30,2000,0" yaku="18,1,52,1" doraHai="60" who="3" fromWho="2" sc="230,0,240,0,250,-20,280,20" /><INIT seed="2,0,0,0,2,73" ten="230,240,230,300" oya="2" hai0="22,102,103,21,68,70,123,7,63,80,14,39,23" hai1="37,69,83,112,92,100,94,125,115,135,119,52,130" hai2="34,90,111,16,60,33,96,104,122,3,77,28,114" hai3="59,116,8,38,12,129,78,42,95,134,1,41,10"/><V25/><F3/><W29/><G116/><T32/><D123/><U15/><E119/><V75/><F114/><W98/><G78/><T54/><D39/><U93/><E125/><V9/><F122/><W44/><G29/><T61/><D80/><U132/><E130/><V48/><F104/><W5/><G42/><T19/><D7/><U126/><E126/><V64/><F34/><W50/><G129/><T45/><D45/><U62/><E100/><N who="0" m="38441" /><D70/><U108/><E37/><V87/><F48/><W88/><G134/><N who="1" m="51242" /><E108/><V18/><F111/><W0/><REACH who="3" step="1"/><G10/><REACH who="3" ten="230,240,230,290" step="2"/><N who="0" m="6615" /><D32/><U30/><E30/><V84/><F33/><W43/><G43/><T51/><D68/><U133/><N who="1" m="51250" /><U82/><DORA hai="53" /><E15/><N who="2" m="7279" /><F75/><W97/><G97/><T65/><D65/><N who="1" m="41143" /><E52/><AGARI ba="0,1" hai="0,1,5,8,12,38,41,44,50,52,59,88,95,98" machi="52" ten="40,8000,1" yaku="1,1,52,1,54,2,53,1" doraHai="73,53" doraHaiUra="106,71" who="3" fromWho="1" sc="230,0,240,-80,230,0,290,90" /><INIT seed="3,0,0,4,3,85" ten="230,160,230,380" oya="3" hai0="101,93,130,31,6,105,76,47,46,120,8,20,0" hai1="5,35,29,15,126,51,37,122,53,70,91,129,7" hai2="22,28,33,17,72,71,83,60,63,18,9,88,45" hai3="2,12,113,68,128,32,115,80,39,118,84,59,11"/><W16/><G118/><T43/><D120/><U41/><E122/><V119/><F119/><W62/><G68/><T30/><D76/><U102/><E129/><V65/><F72/><W110/><G32/><T94/><D130/><U40/><E126/><V49/><F60/><W38/><G128/><T57/><D0/><U96/><E70/><V111/><F33/><W81/><G2/><T67/><D105/><U77/><E77/><V124/><F124/><W109/><G39/><T125/><D125/><U100/><E102/><V89/><F111/><N who="3" m="42507" /><G38/><T97/><D20/><U87/><E40/><V98/><F28/><N who="0" m="10794" /><D6/><U13/><E13/><N who="2" m="7343" /><F71/><W117/><G117/><T64/><D93/><U55/><E55/><N who="2" m="30127" /><F63/><W54/><G81/><T104/><D104/><U69/><E69/><V131/><F131/><W78/><AGARI ba="0,0" hai="11,12,16,54,59,62,78,80,84,113,115" m="42507" machi="78" ten="30,6000,0" yaku="14,1,10,1,54,1" doraHai="85" who="3" fromWho="3" sc="230,-20,160,-20,230,-20,380,60" /><INIT seed="3,1,0,2,2,130" ten="210,140,210,440" oya="3" hai0="110,134,81,58,107,121,51,71,112,0,90,6,30" hai1="11,20,42,100,21,9,46,103,68,120,17,116,10" hai2="132,128,129,35,84,76,80,101,113,65,135,72,83" hai3="56,13,126,93,75,49,16,24,18,15,88,44,74"/><W5/><G75/><T33/><D71/><U59/><E120/><V54/><F101/><W26/><G74/><T7/><D58/><U111/><E111/><V73/><F35/><W108/><G108/><T122/><D107/><U115/><E116/><V125/><F113/><W31/><G126/><T4/><D90/><U124/><E124/><V94/><F125/><W3/><G56/><T32/><D81/><N who="2" m="31306" /><F76/><W82/><G82/><T38/><D38/><U106/><E115/><V92/><F65/><W95/><G3/><T109/><D51/><U27/><E68/><V102/><F54/><N who="3" m="29991" /><G5/><T43/><D43/><U123/><E123/><N who="0" m="47113" /><D134/><N who="2" m="51242" /><F73/><W12/><G31/><T62/><D62/><U28/><E106/><V23/><F23/><N who="3" m="13415" /><G26/><N who="0" m="18519" /><D112/><U119/><E119/><V96/><F72/><W45/><G45/><T78/><D78/><U98/><E59/><V47/><F47/><W19/><G88/><AGARI ba="1,0" hai="84,88,92,94,96,102,128,129" m="51242,31306" machi="88" ten="30,12000,2" yaku="20,1,34,2,52,3,54,1" doraHai="130" who="2" fromWho="3" sc="210,0,140,0,210,123,440,-123" /><INIT seed="4,0,0,0,1,81" ten="210,140,333,317" oya="0" hai0="90,63,22,129,87,40,134,108,97,75,125,64,127" hai1="126,45,53,2,60,24,12,72,61,0,78,36,102" hai2="132,5,131,43,15,42,30,106,89,70,104,107,51" hai3="109,1,119,85,35,50,99,55,116,83,39,65,38"/><T130/><D22/><U20/><E126/><N who="0" m="48137" /><D40/><N who="2" m="15402" /><F70/><W82/><G35/><T123/><D63/><U118/><E118/><V66/><F66/><W27/><G27/><T122/><D64/><U128/><E128/><N who="0" m="49257" /><D134/><U115/><E102/><V93/><F131/><W9/><G65/><T114/><D75/><U31/><E115/><V124/><F124/><W8/><G109/><T121/><D114/><U58/><E0/><V103/><F132/><W133/><G133/><T105/><D105/><N who="2" m="26882" /><V41/><DORA hai="6" /><F103/><W47/><G99/><T52/><D52/><U28/><E2/><V34/><F34/><W100/><G100/><T44/><D44/><U86/><E72/><V96/><F30/><W80/><G85/><T120/><N who="0" m="31232" /><DORA hai="94" /><T76/><D76/><U67/><E12/><V110/><F110/><W62/><G62/><T112/><D112/><U77/><E28/><V73/><N who="2" m="15410" /><V71/><DORA hai="95" /><F71/><W16/><G1/><T69/><D69/><U13/><E13/><V23/><F15/><W11/><REACH who="3" step="1"/><G16/><REACH who="3" ten="210,140,333,307" step="2"/><T98/><D108/><U19/><E19/><V37/><F73/><W79/><G79/><T59/><D59/><U33/><E33/><V92/><F37/><AGARI ba="0,1" hai="8,9,11,37,38,39,47,50,55,80,82,83,116,119" machi="37" ten="50,12000,2" yaku="1,1,52,3,53,2" doraHai="81,6,94,95" doraHaiUra="111,25,46,48" who="3" fromWho="2" sc="210,0,140,0,333,-120,307,130" /><INIT seed="5,0,0,0,3,67" ten="210,140,213,437" oya="1" hai0="123,39,34,13,59,23,38,92,15,1,74,63,91" hai1="82,107,54,121,5,51,94,19,62,69,20,110,88" hai2="40,104,98,27,113,79,96,17,126,80,75,22,129" hai3="60,78,64,55,56,66,117,26,103,124,10,108,16"/><U119/><E119/><V114/><F129/><W76/><G108/><T115/><D34/><U77/><E121/><V105/><F104/><W95/><G117/><T32/><D1/><U25/><E110/><V68/><F68/><W30/><G124/><T61/><D74/><U132/><E132/><V89/><F105/><W102/><G78/><T44/><D115/><N who="2" m="44042" /><F40/><W116/><G116/><T118/><D118/><U33/><E107/><V128/><F126/><W2/><G76/><T4/><D123/><U99/><E33/><V43/><F128/><W70/><G70/><T29/><D44/><U134/><E134/><V11/><F11/><W122/><G122/><T120/><D120/><U135/><E135/><V24/><F43/><W133/><G133/><T125/><D125/><U3/><E3/><V35/><F35/><W21/><G2/><T46/><D46/><U12/><E5/><V90/><F27/><W36/><G36/><T93/><D39/><U18/><E69/><V83/><F79/><W49/><G95/><N who="0" m="36427" /><D38/><U48/><E62/><N who="0" m="23561" /><D32/><U28/><E28/><V52/><F75/><W53/><G10/><N who="0" m="4295" /><D91/><N who="2" m="34826" /><F52/><W106/><G106/><T97/><D97/><AGARI ba="0,0" hai="17,22,24,80,83,96,97,98" m="34826,44042" machi="97" ten="30,2000,0" yaku="15,1,11,1" doraHai="67" who="2" fromWho="0" sc="210,-20,140,0,213,20,437,0" /><INIT seed="6,0,0,2,5,87" ten="190,140,233,437" oya="2" hai0="97,31,71,114,86,91,33,85,111,82,45,94,50" hai1="12,121,43,2,21,52,73,3,83,130,64,59,22" hai2="1,90,51,105,113,10,98,127,17,115,101,106,49" hai3="40,70,93,19,118,35,116,39,75,26,95,110,6"/><V119/><F119/><W128/><G116/><T37/><D71/><U34/><E130/><V41/><F1/><W78/><G118/><T96/><D33/><U23/><E121/><V74/><F74/><W53/><G110/><T125/><D31/><U28/><E43/><V66/><F66/><W58/><G70/><T131/><D37/><U14/><E73/><V103/><F98/><N who="0" m="37994" /><D50/><N who="2" m="18954" /><F41/><W62/><G128/><T129/><D45/><U104/><E104/><N who="2" m="40043" /><F127/><W56/><G6/><T30/><D30/><U89/><E89/><V47/><F90/><W72/><G56/><T7/><D7/><U109/><E83/><V124/><F47/><W77/><G35/><T0/><D0/><U100/><E100/><N who="2" m="38475" /><F124/><W48/><G26/><T92/><D111/><U117/><E117/><V99/><F10/><W69/><G19/><T29/><D29/><U32/><E109/><V20/><F99/><W15/><G15/><N who="1" m="5674" /><E64/><V135/><F135/><W81/><G93/><N who="0" m="35947" /><D114/><N who="2" m="43530" /><F17/><W25/><G95/><N who="0" m="54767" /><D125/><U57/><E57/><V122/><F122/><W67/><G25/><T24/><D24/><U133/><E133/><V126/><F126/><W55/><G55/><T5/><D5/><U38/><E52/><V65/><F65/><W108/><G108/><T16/><D16/><U120/><E120/><V76/><F76/><AGARI ba="0,0" hai="76,82,86,129,131" m="54767,35947,37994" machi="76" ten="30,3900,0" yaku="34,2,52,1" doraHai="87" who="0" fromWho="2" sc="190,39,140,0,233,-39,437,0" /><INIT seed="7,0,0,4,2,125" ten="229,140,194,437" oya="3" hai0="16,133,23,35,13,79,60,33,22,131,84,75,61" hai1="120,134,117,88,105,104,4,7,80,15,90,48,20" hai2="3,121,26,44,135,56,115,27,109,93,5,72,17" hai3="132,89,18,69,53,28,50,45,0,74,30,122,41"/><W82/><G122/><T76/><D75/><U100/><E120/><V55/><F121/><W85/><G69/><T81/><D131/><U24/><E117/><V71/><F71/><W43/><G0/><T47/><D133/><U77/><E134/><V57/><F72/><W108/><G132/><T31/><D47/><U25/><E48/><N who="2" m="30823" /><F57/><W37/><G108/><T106/><D106/><U21/><E100/><V114/><F135/><W9/><G41/><T11/><D31/><U103/><E103/><V123/><F109/><W111/><G111/><T113/><D113/><N who="2" m="43018" /><F123/><W51/><G74/><T83/><D11/><U124/><E124/><V14/><F3/><W127/><G127/><T118/><D118/><U62/><E62/><V86/><F44/><W46/><G37/><T87/><REACH who="0" step="1"/><D13/><AGARI ba="0,0" hai="9,13,18,28,30,43,45,46,50,51,53,82,85,89" machi="13" ten="40,7700,0" yaku="25,2,8,1" doraHai="125" who="3" fromWho="0" sc="229,-77,140,0,194,0,437,77" owari="152,-25,140,-36,194,-1,514,62" /></mjloggm>