<mjloggm ver="2.3"><GO type="65" lobby="4720"/><UN n0="%6E%61%6B%6B%61%61" n1="%67%6F%72%79%75%64%79%6D" n2="%E3%81%B1%E3%81%B5%E3%81%83" n3="%E7%95%99%E8%90%8C" dan="1,0,1,12" rate="1465.42,1500.00,1365.71,1743.28" sx="M,M,M,M"/><TAIKYOKU oya="0"/><INIT seed="0,0,0,2,3,103" ten="250,250,250,250" oya="0" hai0="46,125,53,21,102,131,121,35,3,135,122,16,43" hai1="119,75,73,70,44,124,26,83,11,29,61,57,98" hai2="37,8,90,94,123,96,69,41,101,85,60,127,12" hai3="64,128,115,13,1,31,38,19,134,78,7,30,68"/><T89/><D3/><U106/><E119/><V108/><F123/><W54/><G38/><T6/><D122/><U24/><E44/><V79/><F127/><W126/><G126/><T47/><D121/><U45/><E45/><N who="0" m="16905" /><D35/><U25/><E11/><V9/><F41/><W22/><G115/><T132/><D125/><U36/><E36/><V10/><F37/><W88/><G134/><N who="0" m="51243" /><D89/><U116/><E116/><V107/><F108/><W92/><G78/><T42/><D102/><U120/><E124/><V62/><F69/><W87/><G128/><T56/><D131/><U49/><E120/><V52/><F79/><W100/><G54/><T33/><D33/><U86/><E29/><V104/><F104/><W50/><G50/><N who="0" m="30775" /><D6/><U93/><E106/><V51/><REACH who="2" step="1"/><F12/><AGARI ba="0,0" hai="12,16,21,42,43" m="30775,51243,16905" machi="12" ten="30,2900,0" yaku="20,1,54,1" doraHai="103" who="0" fromWho="2" sc="250,29,250,0,250,-29,250,0" /><INIT seed="0,1,0,4,2,54" ten="279,250,221,250" oya="0" hai0="53,58,22,65,92,94,108,118,0,90,50,41,78" hai1="51,30,75,32,99,27,113,19,126,36,121,33,11" hai2="25,87,127,40,14,61,68,69,110,29,117,43,18" hai3="59,2,91,28,66,115,31,102,74,88,38,20,95"/><T107/><D0/><U82/><E121/><V67/><F117/><W37/><G2/><T122/><D122/><U39/><E99/><V35/><F127/><W125/><G74/><T8/><D118/><U123/><E123/><V132/><F132/><W80/><G125/><T26/><D8/><U103/><E126/><V84/><F110/><W131/><G115/><T124/><D107/><U12/><E103/><V34/><F34/><W1/><G1/><T109/><D124/><U42/><E82/><V64/><F43/><W49/><G131/><T116/><D116/><U86/><E75/><V10/><F40/><W98/><G38/><T73/><D90/><N who="3" m="34345" /><G37/><T97/><D73/><U101/><E86/><V111/><F111/><N who="0" m="42570" /><D78/><U100/><E113/><V135/><F135/><W119/><G119/><T104/><D41/><U44/><REACH who="1" step="1"/><E33/><REACH who="1" ten="279,240,221,250" step="2"/><V47/><REACH who="2" step="1"/><F47/><REACH who="2" ten="279,240,211,250" step="2"/><W112/><G112/><T63/><D104/><U13/><E13/><V120/><F120/><W114/><G114/><T23/><D97/><U62/><E62/><AGARI ba="1,2" hai="10,14,18,25,29,35,61,62,64,67,68,69,84,87" machi="62" ten="40,8000,1" yaku="1,1,9,1,53,2" doraHai="54" doraHaiUra="56" who="2" fromWho="1" sc="279,0,240,-83,211,103,250,0" /><INIT seed="1,0,0,3,5,134" ten="279,157,314,250" oya="1" hai0="79,96,94,6,16,73,118,104,64,116,18,119,115" hai1="35,65,86,4,8,9,55,5,125,56,14,100,72" hai2="37,75,3,66,42,17,24,122,88,23,53,15,61" hai3="80,11,7,84,99,93,69,54,90,22,82,71,85"/><U48/><E72/><V77/><F122/><W130/><G71/><T112/><D104/><U67/><E86/><N who="3" m="33386" /><G69/><T46/><D6/><U41/><E100/><V132/><F3/><W111/><G111/><T57/><D46/><U123/><E123/><V58/><F132/><W103/><G130/><T68/><D68/><U45/><E35/><V25/><F75/><W114/><G114/><T27/><D18/><U47/><E125/><V19/><F77/><W117/><G117/><T12/><D27/><U108/><E108/><V127/><F127/><W29/><G54/><T106/><D73/><U126/><E126/><V52/><F88/><N who="3" m="55719" /><G29/><T76/><D76/><U20/><E20/><V95/><F95/><W26/><G103/><T91/><D106/><U131/><E131/><V121/><F121/><W124/><G124/><T34/><D79/><U32/><E32/><V2/><F2/><W129/><G129/><T70/><D34/><U40/><E14/><V63/><F37/><W44/><G44/><N who="1" m="16970" /><E56/><N who="2" m="37159" /><F42/><N who="1" m="16489" /><E55/><N who="2" m="21067" /><F19/><N who="3" m="12639" /><G90/><T0/><D70/><U135/><E135/><V31/><F31/><W101/><G101/><T1/><D112/><U81/><E81/><V50/><F50/><W110/><G110/><T87/><D115/><U102/><E48/><V13/><F13/><AGARI ba="0,0" hai="7,11,13,80,82" m="12639,55719,33386" machi="13" ten="30,2000,0" yaku="8,1,54,1" doraHai="134" who="3" fromWho="2" sc="279,0,157,0,314,-20,250,20" /><INIT seed="2,0,0,4,4,120" ten="279,157,294,270" oya="2" hai0="3,23,50,54,38,104,71,40,36,117,129,6,52" hai1="89,43,30,80,32,34,74,65,123,28,106,8,37" hai2="62,4,41,103,133,83,66,16,135,93,95,15,72" hai3="84,24,85,67,134,1,13,73,2,35,97,88,21"/><V82/><F41/><W64/><G73/><T33/><D33/><U100/><E37/><V17/><F72/><W98/><G134/><N who="2" m="51209" /><F103/><W87/><G35/><N who="1" m="13354" /><E43/><V47/><F47/><W51/><G51/><T63/><D104/><U45/><E65/><N who="3" m="25162" /><G1/><T0/><D23/><U91/><E45/><V9/><F83/><W58/><G2/><T10/><D0/><U59/><E59/><V55/><F82/><W118/><G118/><T61/><D117/><U39/><E39/><N who="0" m="14889" /><D129/><U49/><E49/><V109/><F55/><N who="0" m="21034" /><D71/><U48/><E48/><V126/><F126/><W114/><G114/><T12/><D3/><U77/><E8/><V26/><F26/><W113/><G113/><T128/><D128/><U112/><E112/><V102/><F109/><W57/><G13/><T131/><D131/><U86/><E123/><V25/><F25/><W14/><G14/><T110/><D110/><U132/><E132/><V70/><F102/><W107/><G107/><T11/><D11/><U79/><E106/><V111/><F111/><W46/><G46/><N who="0" m="25927" /><D10/><U76/><E74/><V42/><F42/><W105/><G105/><T22/><D6/><U60/><E60/><N who="0" m="23113" /><D12/><U90/><E100/><V122/><F122/><W92/><G98/><T68/><D22/><U125/><E125/><V81/><F81/><W31/><AGARI ba="0,0" hai="21,24,31,57,58,84,85,87,88,92,97" m="25162" machi="31" ten="30,2000,0" yaku="8,1,54,1" doraHai="120" who="3" fromWho="3" sc="279,-5,157,-5,294,-10,270,20" /><INIT seed="3,0,0,0,4,81" ten="274,152,284,290" oya="3" hai0="4,43,85,111,83,16,2,101,29,110,112,64,40" hai1="22,97,62,132,68,104,10,50,47,71,51,114,31" hai2="90,33,116,24,107,121,120,88,78,74,113,28,49" hai3="100,7,115,6,30,119,131,48,52,3,13,58,9"/><W35/><G119/><T63/><D112/><U15/><E114/><V76/><F113/><W5/><G115/><T45/><D101/><U135/><E97/><V59/><F116/><W19/><G100/><T55/><D29/><U118/><E104/><V57/><F107/><W32/><G131/><T72/><D72/><U21/><E118/><V134/><F134/><N who="1" m="51241" /><E10/><V34/><F34/><W130/><G130/><T108/><D64/><U95/><E95/><V102/><F102/><W75/><G75/><T70/><D70/><N who="1" m="26667" /><E62/><V23/><F33/><W94/><G94/><T128/><D128/><U67/><E31/><V93/><F74/><W87/><G87/><T117/><D117/><U122/><E122/><N who="2" m="47211" /><F90/><W73/><G73/><T42/><D63/><U37/><E15/><V36/><F36/><W126/><G126/><T46/><D2/><U92/><E92/><V38/><F38/><W96/><G96/><T99/><D55/><U82/><E37/><V60/><F49/><N who="1" m="18441" /><E82/><V89/><F89/><W86/><G86/><T65/><D4/><U98/><E98/><N who="2" m="57639" /><F59/><W61/><G3/><T77/><D99/><U25/><E25/><V18/><F18/><W84/><G84/><T27/><REACH who="0" step="1"/><D65/><AGARI ba="0,0" hai="23,24,28,57,60,65,76,78" m="57639,47211" machi="65" ten="30,2000,0" yaku="13,1,54,1" doraHai="81" who="2" fromWho="0" sc="274,-20,152,0,284,20,290,0" owari="254,-15,152,-35,304,41,290,9" /></mjloggm>