<mjloggm ver="2.3"><GO type="137" lobby="0"/><UN n0="%64%6F%67%67%33%39%31%32" n1="%E7%95%99%E8%90%8C" n2="%E5%8D%83%E5%A4%8F%E6%B2%99%E7%BE%85%E3%82%89" n3="%73%2E%E3%83%B4%E3%82%A7%E3%83%83%E3%83%86%E3%83%AB" dan="12,12,11,13" rate="1671.97,1757.39,1612.22,1678.69" sx="M,M,M,F"/><TAIKYOKU oya="0"/><BYE who="3" /><BYE who="0" /><UN n0="%64%6F%67%67%33%39%31%32" /><UN n3="%73%2E%E3%83%B4%E3%82%A7%E3%83%83%E3%83%86%E3%83%AB" /><INIT seed="0,0,0,3,2,110" ten="250,250,250,250" oya="0" hai0="45,99,117,60,92,130,37,70,101,41,93,51,106" hai1="13,91,135,34,66,0,29,112,59,111,23,102,47" hai2="42,103,55,27,1,20,76,115,31,78,90,21,68" hai3="82,67,81,89,19,100,2,87,64,54,120,75,123"/><T24/><D24/><BYE who="0" /><BYE who="3" /><UN n0="%64%6F%67%67%33%39%31%32" /><UN n3="%73%2E%E3%83%B4%E3%82%A7%E3%83%83%E3%83%86%E3%83%AB" /><U4/><E102/><V113/><F1/><W12/><G2/><T15/><D117/><U17/><E47/><V65/><F103/><W98/><G120/><T43/><D130/><U116/><E116/><V133/><F133/><W35/><G35/><T129/><D129/><U131/><E131/><V69/><F42/><W84/><G75/><T10/><D37/><U79/><E79/><V127/><F127/><W11/><G123/><T58/><D43/><U128/><E128/><V80/><F55/><W6/><G54/><T97/><D70/><U132/><E111/><V36/><F36/><W22/><G98/><T48/><D48/><U121/><E121/><V7/><F7/><W119/><G119/><T50/><D50/><U125/><E66/><V73/><F21/><W3/><G100/><T14/><D14/><U44/><E44/><V95/><F76/><AGARI ba="0,0" hai="3,6,11,12,19,22,64,67,76,81,82,84,87,89" machi="76" ten="30,1000,0" yaku="7,1" doraHai="110" who="3" fromWho="2" sc="250,0,250,0,250,-10,250,10" /><INIT seed="1,0,0,1,3,22" ten="250,250,240,260" oya="1" hai0="48,56,102,77,98,126,88,121,24,101,31,55,74" hai1="27,44,89,51,110,118,21,109,117,69,85,23,104" hai2="124,134,5,12,105,49,19,111,58,87,40,81,8" hai3="50,94,2,29,123,45,63,128,38,83,62,16,120"/><U72/><E72/><V115/><F111/><N who="1" m="42505" /><E69/><V4/><F115/><W84/><G128/><T1/><D126/><U6/><E104/><V30/><F134/><W3/><G38/><T92/><D1/><U14/><E6/><V43/><F124/><W132/><G132/><T57/><D121/><U108/><E14/><V82/><F105/><W15/><G3/><T25/><D57/><U41/><N who="1" m="42513" /><U28/><DORA hai="80" /><E21/><V127/><F127/><W122/><G2/><T61/><D61/><U68/><E68/><V53/><F30/><W100/><G29/><T65/><D65/><U11/><E11/><V130/><F130/><W79/><G94/><AGARI ba="0,0" hai="23,27,28,41,44,51,85,89,94,117,118" m="42513" machi="94" ten="40,12000,1" yaku="14,1,10,1,52,2" doraHai="22,80" who="1" fromWho="3" sc="250,0,250,120,240,0,260,-120" /><INIT seed="1,1,0,1,5,24" ten="250,370,240,140" oya="1" hai0="107,89,99,41,91,57,113,112,7,117,63,100,58" hai1="128,83,129,71,45,126,115,86,49,134,93,4,78" hai2="76,22,77,14,122,23,3,0,42,20,125,59,62" hai3="111,114,104,94,15,33,11,133,61,72,80,26,74"/><U88/><E71/><V32/><F32/><W27/><G114/><T67/><D117/><U68/><E68/><V37/><F122/><W82/><G133/><T81/><D41/><U130/><E4/><V12/><F125/><W47/><G111/><T109/><D109/><U8/><E8/><V48/><F37/><W87/><G104/><T50/><D7/><U30/><E30/><V19/><F42/><W119/><G33/><T106/><D106/><U56/><E56/><V16/><F48/><W64/><G74/><T95/><D81/><N who="3" m="31337" /><G72/><T13/><D107/><U5/><E5/><V39/><F39/><W34/><G34/><T2/><D2/><U60/><E60/><V53/><F23/><W102/><G119/><T116/><D116/><U66/><E66/><V135/><F135/><W98/><G47/><T9/><D113/><U36/><E36/><V75/><REACH who="2" step="1"/><F75/><REACH who="2" ten="250,370,230,140" step="2"/><W70/><G70/><T28/><D112/><U31/><E134/><V127/><F127/><W132/><G132/><T55/><D67/><U51/><E126/><V92/><F92/><N who="3" m="58695" /><G64/><T38/><D38/><U44/><E115/><V25/><F25/><W118/><G118/><T18/><D50/><N who="1" m="18955" /><E31/><V101/><F101/><W123/><G123/><T85/><D28/><U10/><E10/><V43/><F43/><W46/><G46/><T110/><D110/><U17/><E17/><V21/><F21/><W73/><G73/><AGARI ba="1,1" hai="44,45,73,78,83,86,88,93,128,129,130" m="18955" machi="73" ten="30,2900,0" yaku="19,1,54,1" doraHai="24" who="1" fromWho="3" sc="250,0,370,42,230,0,140,-32" /><INIT seed="1,2,0,2,2,9" ten="250,412,230,108" oya="1" hai0="26,59,5,49,1,57,75,10,121,94,37,84,95" hai1="62,111,99,44,38,32,86,6,130,45,58,48,54" hai2="60,25,4,118,64,125,97,12,19,8,68,28,16" hai3="82,24,116,17,42,115,11,81,131,27,93,106,14"/><U89/><E32/><V65/><F118/><W3/><G106/><T63/><D75/><U88/><E6/><V70/><F125/><W90/><G115/><T110/><D110/><U129/><E111/><V123/><F123/><W87/><G131/><N who="1" m="50186" /><E99/><V34/><REACH who="2" step="1"/><F97/><REACH who="2" ten="250,412,220,108" step="2"/><W0/><G116/><T85/><D121/><U69/><E89/><V55/><F55/><W18/><G42/><T35/><D37/><U104/><E104/><V56/><F56/><W117/><G117/><T100/><D59/><U108/><E108/><V41/><F41/><W107/><G107/><T96/><D49/><U13/><E13/><V20/><F20/><W98/><G3/><T72/><D35/><U79/><E88/><V61/><AGARI ba="2,1" hai="4,8,12,16,19,25,28,34,60,61,64,65,68,70" machi="61" ten="30,8000,1" yaku="1,1,0,1,9,1,52,1,54,1,53,0" doraHai="9" doraHaiUra="132" who="2" fromWho="2" sc="250,-22,412,-42,220,96,108,-22" /><INIT seed="2,0,0,0,0,21" ten="228,370,316,86" oya="2" hai0="18,92,115,126,128,108,43,116,17,25,0,100,60" hai1="133,98,67,52,37,13,63,89,112,61,69,44,33" hai2="82,20,24,127,104,109,91,71,110,79,113,83,129" hai3="10,31,15,95,106,130,111,131,22,117,47,74,86"/><V34/><F113/><W30/><G117/><T85/><D0/><U114/><E33/><V45/><F34/><W39/><G74/><T40/><D115/><U28/><E114/><V16/><F104/><W12/><G106/><T26/><D108/><N who="2" m="41578" /><F71/><W77/><G111/><T87/><D128/><N who="3" m="49193" /><G39/><T51/><D126/><U48/><E112/><V38/><F127/><W1/><G47/><T5/><D116/><U50/><E28/><V7/><F7/><N who="3" m="1391" /><G77/><T55/><D5/><U58/><E13/><N who="3" m="5194" /><G95/><T118/><D60/><U54/><E98/><V56/><F129/><W36/><G36/><T53/><D118/><U35/><E35/><V101/><F101/><W81/><G81/><T4/><D4/><U14/><E14/><V102/><F102/><W57/><G57/><T119/><D100/><U65/><E89/><V64/><F38/><W19/><G86/><N who="0" m="32779" /><D92/><U46/><E133/><V94/><F45/><W134/><G134/><T97/><D119/><U70/><REACH who="1" step="1"/><E37/><REACH who="1" ten="228,360,316,86" step="2"/><V3/><F79/><W42/><G42/><N who="0" m="15915" /><D97/><U132/><E132/><V75/><F75/><W49/><G49/><T122/><D122/><U9/><E9/><V123/><F123/><W8/><G8/><T78/><D78/><U96/><E96/><N who="2" m="57439" /><F3/><W99/><G99/><T32/><D32/><U80/><E80/><V135/><F135/><W84/><G84/><T76/><D76/><U90/><E90/><V121/><F121/><W68/><G68/><AGARI ba="0,1" hai="44,46,48,50,52,54,58,61,63,65,67,68,69,70" machi="68" ten="30,16000,3" yaku="1,1,7,1,9,1,35,6,54,1,53,0" doraHai="21" doraHaiUra="120" who="1" fromWho="3" sc="228,0,360,170,316,0,86,-160" owari="228,-17,530,62,316,12,-74,-57" /></mjloggm>