<mjloggm ver="2.3"><GO type="137" lobby="0"/><UN n0="%E7%95%99%E8%90%8C" n1="%44%72%61%6E%62%6F%6F%6F" n2="%73%69%6F" n3="%E9%A6%AC%E3%81%AA%E3%81%BF%E3%81%A0%E3%81%9E%E3%82%AA%E3%83%AC%E3%81%AF" dan="12,12,12,12" rate="1770.10,1737.69,1751.04,1588.41" sx="M,M,M,M"/><TAIKYOKU oya="0"/><INIT seed="0,0,0,4,0,60" ten="250,250,250,250" oya="0" hai0="82,86,97,71,73,76,1,124,19,18,21,33,107" hai1="131,85,129,37,91,104,4,66,132,25,80,114,115" hai2="32,92,78,8,65,126,41,12,44,17,119,128,56" hai3="103,98,100,123,67,112,52,23,31,47,96,54,101"/><T69/><D1/><U35/><E37/><V59/><F119/><W84/><G47/><T58/><D33/><U2/><E66/><V50/><F32/><W109/><G67/><T40/><D40/><U51/><E51/><V118/><F118/><W22/><G31/><T36/><D36/><U24/><E104/><V99/><F128/><N who="1" m="49225" /><E91/><V0/><F0/><W105/><G105/><T16/><D73/><U53/><E53/><N who="3" m="20586" /><G103/><T79/><D124/><U10/><E80/><V30/><F30/><W120/><G101/><T121/><D121/><N who="3" m="46665" /><G100/><T55/><D107/><U20/><E85/><V3/><F3/><W77/><G84/><T29/><D97/><N who="3" m="37481" /><G112/><N who="1" m="43050" /><E20/><N who="3" m="7722" /><G77/><T48/><D76/><U6/><E6/><V49/><F126/><W113/><G113/><T57/><REACH who="0" step="1"/><D57/><REACH who="0" ten="240,250,250,250" step="2"/><U26/><E35/><V75/><F59/><W116/><G116/><T83/><D83/><U117/><E117/><V127/><F127/><W135/><G135/><AGARI ba="0,1" hai="2,4,10,24,25,26,132,135" m="43050,49225" machi="135" ten="40,8000,1" yaku="19,1,11,1,34,2" doraHai="60" who="1" fromWho="3" sc="240,0,250,90,250,0,250,-80" /><INIT seed="1,0,0,2,0,110" ten="240,340,250,170" oya="1" hai0="106,22,48,130,96,80,99,135,63,18,41,9,8" hai1="33,78,44,55,66,118,107,65,133,127,93,38,123" hai2="92,6,17,77,104,83,49,26,114,101,12,134,53" hai3="116,75,62,109,23,24,2,34,4,113,40,131,79"/><U69/><E33/><V100/><F104/><W115/><G23/><T124/><D124/><U102/><E107/><V88/><F6/><W0/><G4/><T90/><D135/><U36/><E78/><V14/><F14/><W64/><G116/><T129/><D63/><U42/><E93/><V86/><F26/><W103/><G103/><T47/><D106/><U95/><E95/><V89/><F89/><W59/><G59/><T37/><D37/><U30/><E30/><V128/><F128/><N who="0" m="49258" /><D90/><U68/><E102/><V45/><F114/><N who="3" m="43531" /><G40/><T58/><D80/><U20/><E20/><V81/><F134/><W54/><G54/><T97/><D58/><U117/><E133/><V56/><F83/><N who="3" m="45567" /><G131/><T35/><D35/><U67/><E123/><V5/><F5/><W105/><G109/><T50/><D50/><U98/><E98/><N who="0" m="25089" /><T10/><DORA hai="27" /><D10/><U39/><E55/><V111/><F111/><W119/><G119/><N who="1" m="45578" /><E127/><V25/><F45/><W91/><G91/><T87/><D87/><U126/><E126/><V16/><F77/><W7/><G7/><T122/><D122/><U51/><AGARI ba="0,0" hai="36,38,39,42,44,51,65,66,67,68,69" m="45578" machi="51" ten="40,3900,0" yaku="34,2" doraHai="110,27" who="1" fromWho="1" sc="240,-13,340,39,250,-13,170,-13" /><INIT seed="1,1,0,3,0,91" ten="227,379,237,157" oya="1" hai0="102,17,10,123,45,42,59,117,120,112,72,6,69" hai1="37,32,43,96,70,7,113,23,51,8,125,40,30" hai2="63,124,93,104,99,118,103,52,31,15,38,88,74" hai3="90,25,3,89,50,131,129,67,39,95,85,2,44"/><U5/><E70/><V46/><F118/><W55/><G39/><T64/><D69/><U33/><E113/><V68/><F31/><W116/><G25/><T71/><D72/><U57/><E23/><V28/><F28/><W35/><G35/><T86/><D117/><U1/><E125/><V106/><F124/><W126/><G126/><T97/><D112/><U122/><E122/><N who="0" m="46633" /><D71/><U53/><E7/><V77/><F38/><W20/><G67/><T18/><D86/><U29/><E37/><V60/><F68/><W56/><G20/><T76/><D76/><U80/><E80/><V119/><F119/><W121/><G121/><T100/><D64/><U107/><E30/><V26/><F15/><W54/><G116/><T4/><D59/><U27/><E33/><V49/><F26/><W79/><G79/><T134/><D134/><U105/><E105/><V130/><F130/><W115/><G115/><T24/><D24/><U36/><REACH who="1" step="1"/><E36/><REACH who="1" ten="227,369,237,157" step="2"/><V114/><F114/><W94/><G131/><T109/><D4/><U21/><E21/><V61/><F106/><W65/><G129/><T75/><D6/><U14/><E14/><V83/><REACH who="2" step="1"/><F104/><REACH who="2" ten="227,369,227,157" step="2"/><W82/><G2/><T48/><D17/><U78/><E78/><V41/><F41/><N who="3" m="24847" /><G3/><T132/><D42/><U127/><E127/><V11/><F11/><W133/><G133/><T16/><D18/><U81/><E81/><V108/><F108/><W13/><G13/><T128/><D16/><U9/><E9/><V22/><F22/><W110/><G110/><T87/><D109/><U73/><E73/><V101/><AGARI ba="1,2" hai="46,49,52,60,61,63,74,77,83,88,93,99,101,103" machi="101" ten="30,12000,2" yaku="1,1,5,1,0,1,52,1,54,2,53,0" doraHai="91" doraHaiUra="62" who="2" fromWho="2" sc="227,-31,369,-61,227,143,157,-31" /><INIT seed="2,0,0,3,3,110" ten="196,308,370,126" oya="2" hai0="131,106,127,105,50,91,25,44,116,27,43,7,97" hai1="19,46,134,31,12,10,103,47,107,120,6,37,86" hai2="49,76,1,45,74,69,126,87,117,54,42,40,114" hai3="68,115,53,2,81,30,73,52,17,100,85,18,98"/><V83/><F117/><W9/><G68/><T135/><D116/><U59/><E120/><V75/><F126/><W102/><G73/><T93/><D127/><U71/><E134/><V23/><F23/><W34/><G34/><T0/><D135/><U89/><E71/><V61/><F42/><W22/><G2/><T111/><D111/><U125/><E125/><V130/><F130/><W32/><G32/><T39/><D131/><U113/><E113/><V8/><F114/><W36/><G22/><T38/><D7/><U57/><E31/><V95/><F95/><W80/><G30/><T118/><D0/><U15/><E103/><V21/><F21/><W124/><G9/><T24/><REACH who="0" step="1"/><D118/><REACH who="0" ten="186,308,370,126" step="2"/><U84/><E6/><V109/><F109/><W96/><G124/><T3/><D3/><U16/><E10/><V108/><F108/><W122/><G122/><T90/><D90/><U129/><E89/><V94/><F8/><W132/><G132/><T5/><D5/><U79/><E129/><V60/><F1/><W14/><G115/><T62/><D62/><U28/><E79/><V20/><F61/><W4/><G4/><T92/><D92/><U104/><E28/><V58/><F94/><W128/><G128/><T13/><D13/><U121/><E121/><V88/><F76/><W70/><G14/><T82/><D82/><U72/><REACH who="1" step="1"/><E37/><AGARI ba="0,1" hai="24,25,27,37,38,39,43,44,50,91,93,97,105,106" machi="37" ten="40,1300,0" yaku="1,1,53,0" doraHai="110" doraHaiUra="55" who="0" fromWho="1" sc="186,23,308,-13,370,0,126,0" /><INIT seed="3,0,0,0,3,107" ten="209,295,370,126" oya="3" hai0="67,45,125,97,39,81,53,18,135,90,56,32,69" hai1="108,38,35,99,126,78,15,30,115,106,17,57,25" hai2="27,122,21,8,19,10,84,36,85,91,11,2,0" hai3="1,121,119,28,46,134,5,88,128,92,77,26,14"/><W61/><G119/><T118/><D32/><U34/><E34/><V63/><F36/><W105/><G105/><T109/><D118/><U33/><E33/><V64/><F122/><W95/><G121/><T43/><D109/><U24/><E38/><V52/><F52/><W68/><G1/><T110/><D110/><U120/><E25/><V127/><F127/><W48/><G77/><T83/><D125/><U124/><E78/><V16/><F63/><W131/><G61/><T42/><D135/><U70/><E57/><V47/><F64/><W44/><G134/><T130/><D130/><N who="3" m="49705" /><G68/><T65/><D18/><N who="2" m="6698" /><F47/><W58/><G58/><T22/><D22/><U37/><E37/><V116/><F91/><W13/><G5/><T76/><D43/><U96/><E120/><V112/><F85/><N who="3" m="52239" /><G95/><T6/><D6/><U4/><E4/><V66/><F84/><W29/><G29/><T55/><D97/><U71/><E99/><V72/><F66/><N who="0" m="25098" /><D90/><U60/><E126/><V62/><F62/><W79/><G79/><T3/><D3/><N who="2" m="1066" /><F116/><W82/><G82/><T117/><D83/><U129/><E60/><V40/><F40/><N who="3" m="24583" /><G46/><T12/><D81/><U132/><E129/><V9/><F9/><W111/><G111/><T93/><D117/><U113/><E108/><V50/><F50/><W104/><G104/><T98/><D76/><U54/><E124/><V87/><F87/><W114/><G114/><T7/><D69/><U100/><E71/><V73/><F112/><W23/><AGARI ba="0,0" hai="13,14,23,26,28" m="24583,52239,49705" machi="23" ten="30,3000,0" yaku="19,1,54,1" doraHai="107" who="3" fromWho="3" sc="209,-10,295,-10,370,-10,126,30" /><INIT seed="3,1,0,4,3,46" ten="199,285,360,156" oya="3" hai0="122,5,50,36,70,44,66,79,134,43,133,119,25" hai1="115,24,10,21,62,126,77,72,108,52,109,49,124" hai2="68,63,102,116,114,42,107,90,55,91,13,123,127" hai3="61,87,128,117,97,132,53,86,95,19,20,98,80"/><W11/><G117/><T125/><D119/><U105/><E77/><V22/><F116/><W73/><G73/><T59/><D122/><U112/><E62/><V0/><F0/><W78/><G128/><T88/><D5/><U110/><E10/><V4/><F123/><W12/><G132/><N who="0" m="50795" /><D79/><U69/><E69/><V101/><F127/><N who="1" m="48681" /><E105/><V82/><F42/><W81/><G81/><T40/><D125/><U130/><E130/><V14/><F114/><W57/><G11/><T135/><D25/><U23/><E72/><V58/><F68/><W56/><G57/><T1/><D1/><U34/><E34/><V85/><F107/><W76/><G76/><T93/><D93/><U106/><E106/><V64/><F14/><W39/><G39/><T92/><D43/><U104/><E104/><V37/><F37/><W103/><G103/><T99/><N who="0" m="50803" /><T83/><DORA hai="33" /><D83/><U15/><E15/><V27/><F64/><W84/><REACH who="3" step="1"/><G84/><REACH who="3" ten="199,285,360,146" step="2"/><T111/><D111/><U121/><E121/><V54/><F91/><AGARI ba="1,1" hai="12,19,20,53,56,61,78,80,86,87,91,95,97,98" machi="91" ten="40,12000,1" yaku="1,1,2,1,8,1,53,1" doraHai="46,33" doraHaiUra="41,9" who="3" fromWho="2" sc="199,0,285,0,360,-123,146,133" /><INIT seed="3,2,0,4,3,47" ten="199,285,237,279" oya="3" hai0="94,39,11,45,36,115,70,37,100,7,51,10,62" hai1="42,40,38,23,27,17,106,46,31,88,96,76,122" hai2="95,84,89,48,98,49,16,32,61,72,83,41,67" hai3="0,3,35,43,74,20,123,92,54,53,8,29,131"/><W103/><G123/><T14/><D115/><U63/><E76/><V125/><F32/><W71/><G35/><T132/><D70/><U86/><E42/><V55/><F125/><W52/><G43/><T97/><D62/><U73/><E73/><V108/><F108/><W81/><G74/><T26/><D132/><U126/><E122/><V109/><F109/><W124/><G71/><T60/><D60/><U4/><E4/><V64/><F72/><W28/><G20/><T24/><REACH who="0" step="1"/><D11/><REACH who="0" ten="189,285,237,279" step="2"/><U77/><E63/><V56/><F61/><W5/><G8/><T75/><D75/><U68/><E68/><V133/><F133/><W2/><G124/><T21/><D21/><U112/><E126/><V25/><F49/><W30/><G5/><T78/><D78/><U129/><E77/><N who="2" m="46191" /><F41/><AGARI ba="2,1" hai="7,10,14,24,26,36,37,39,41,45,51,94,97,100" machi="41" ten="40,2600,0" yaku="1,1,52,1,53,0" doraHai="47" doraHaiUra="102" who="0" fromWho="2" sc="189,42,285,0,237,-32,279,0" /><INIT seed="4,0,0,5,0,116" ten="231,285,205,279" oya="0" hai0="50,105,32,29,125,48,26,2,85,133,54,119,40" hai1="42,104,101,74,25,55,81,71,107,123,77,124,47" hai2="135,31,41,35,111,130,8,57,56,114,45,79,52" hai3="63,75,122,83,112,46,17,58,4,13,14,97,78"/><T126/><D105/><U76/><E55/><V121/><F111/><W3/><G3/><T117/><D2/><U43/><E124/><N who="0" m="47721" /><D40/><U49/><E101/><V120/><F79/><W91/><G14/><T110/><D110/><U27/><E71/><V59/><F8/><W37/><G13/><T70/><D70/><U113/><E49/><N who="0" m="19049" /><D54/><U103/><E103/><V38/><F31/><W67/><G63/><T94/><D133/><U7/><E47/><V92/><F92/><W36/><G67/><T44/><D44/><U0/><E0/><V16/><F35/><W21/><G46/><T98/><D85/><U118/><E81/><V131/><F16/><W68/><G68/><T18/><D18/><U9/><E9/><V95/><F95/><W15/><G17/><T51/><N who="0" m="19057" /><T19/><DORA hai="106" /><D19/><U72/><E7/><V82/><F82/><W115/><G4/><T1/><D1/><U20/><E20/><V10/><F10/><W109/><G21/><T11/><D11/><U12/><E12/><V100/><F100/><AGARI ba="0,0" hai="26,29,32,94,98,100,117,119" m="19057,47721" machi="100" ten="40,2000,0" yaku="18,1" doraHai="116,106" who="0" fromWho="2" sc="231,20,285,0,205,-20,279,0" /><INIT seed="4,1,0,1,3,130" ten="251,285,185,279" oya="0" hai0="76,97,64,5,110,47,99,79,103,12,80,6,35" hai1="74,61,107,124,83,7,69,108,68,100,87,53,106" hai2="96,37,24,120,60,18,11,125,70,26,104,65,27" hai3="46,51,19,17,81,31,22,8,66,16,78,129,114"/><T20/><D35/><U98/><E107/><V10/><F120/><W77/><G129/><T67/><D47/><U32/><E7/><N who="0" m="2569" /><D110/><U56/><E108/><V21/><F37/><W118/><G46/><T119/><D119/><U82/><E32/><V128/><F128/><W25/><G118/><T134/><D134/><U62/><E124/><V101/><F125/><W133/><G133/><T43/><D43/><U14/><E62/><V95/><F95/><W59/><G81/><T111/><D111/><U40/><E14/><V44/><F44/><W2/><G2/><T38/><D38/><U57/><E40/><V116/><F116/><W71/><G71/><T3/><D3/><U30/><E30/><V34/><REACH who="2" step="1"/><F24/><REACH who="2" ten="251,285,175,279" step="2"/><W91/><G114/><T75/><D76/><N who="3" m="29289" /><G25/><T54/><D79/><U73/><E82/><V131/><F131/><W28/><G91/><T0/><D75/><U132/><E74/><V58/><F58/><W93/><G93/><T36/><D36/><U127/><E73/><V113/><F113/><W85/><G85/><T42/><D0/><U88/><E127/><V72/><F72/><W86/><G86/><T9/><D20/><U112/><E112/><V122/><F122/><W23/><G23/><T52/><D42/><U102/><E132/><V123/><F123/><W84/><G84/><T89/><D89/><U105/><E57/><V29/><AGARI ba="1,1" hai="10,11,18,21,26,27,29,34,60,65,70,96,101,104" machi="29" ten="30,7900,0" yaku="1,1,0,1,25,2,53,0" doraHai="130" doraHaiUra="48" who="2" fromWho="2" sc="251,-40,285,-21,175,92,279,-21" /><INIT seed="5,0,0,5,2,17" ten="211,264,267,258" oya="1" hai0="99,48,0,87,118,89,93,34,47,37,127,2,13" hai1="98,113,119,74,104,111,117,41,25,124,24,103,116" hai2="110,6,62,131,133,38,27,56,108,21,73,82,90" hai3="15,92,31,28,44,45,64,132,69,22,129,53,40"/><U96/><E41/><V120/><F38/><W125/><G40/><T61/><D34/><U130/><E74/><V88/><F120/><W58/><G22/><T10/><D118/><U83/><E113/><V42/><F42/><W85/><G53/><T80/><D37/><U14/><E83/><V78/><F6/><W97/><G64/><T114/><D114/><U72/><E72/><V112/><F112/><W35/><G35/><T65/><D127/><U59/><E124/><V70/><F70/><W57/><G69/><T102/><D65/><U8/><E111/><V134/><F131/><W30/><G129/><T36/><D36/><U11/><E59/><N who="3" m="22538" /><G125/><T79/><D61/><U52/><E52/><N who="2" m="34055" /><F110/><W63/><G63/><T106/><D0/><U1/><E130/><V39/><F39/><W5/><G85/><T54/><D2/><U135/><E96/><V109/><F109/><W9/><G132/><N who="2" m="50793" /><F108/><W3/><G3/><T86/><REACH who="0" step="1"/><D13/><REACH who="0" ten="201,264,267,258" step="2"/><U23/><E135/><V107/><F107/><W126/><G126/><T12/><D12/><U18/><E1/><V16/><AGARI ba="0,1" hai="16,21,27,73,78,82,88,90" m="50793,34055" machi="16" ten="30,8000,1" yaku="20,1,52,1,54,3" doraHai="17" who="2" fromWho="2" sc="201,-20,264,-40,267,90,258,-20" /><INIT seed="6,0,0,1,5,2" ten="181,224,357,238" oya="2" hai0="34,128,118,134,78,43,86,24,129,68,13,4,133" hai1="50,62,89,47,19,40,53,6,0,99,49,54,41" hai2="113,11,123,120,33,30,21,15,52,45,90,101,3" hai3="112,58,23,74,42,87,109,46,44,70,130,110,20"/><V51/><F101/><W95/><G95/><T81/><D68/><U37/><E0/><V76/><F76/><W27/><G70/><T75/><D34/><U79/><E79/><V57/><F113/><W131/><G58/><T5/><D24/><U26/><E6/><V121/><F90/><W28/><G87/><T8/><D75/><U127/><E26/><N who="2" m="18647" /><F57/><W67/><G27/><T115/><D115/><U59/><E19/><N who="2" m="10495" /><F123/><W96/><G28/><T48/><D118/><U9/><E9/><V93/><F93/><W22/><G96/><T102/><D102/><U98/><E89/><V77/><F77/><W124/><G67/><T107/><D107/><U14/><E14/><V132/><F132/><N who="0" m="50794" /><D4/><AGARI ba="0,0" hai="3,4,11,45,51,52,120,121" m="10495,18647" machi="4" ten="30,5800,0" yaku="24,1,52,1,54,1" doraHai="2" who="2" fromWho="0" sc="181,-58,224,0,357,58,238,0" /><INIT seed="6,1,0,1,5,12" ten="123,224,415,238" oya="2" hai0="61,89,135,6,25,80,113,73,100,79,43,57,115" hai1="93,50,27,82,103,47,108,45,99,18,106,71,17" hai2="40,5,85,77,76,36,96,107,49,59,3,56,104" hai3="119,86,38,94,112,0,83,75,70,91,111,16,78"/><V54/><F107/><W131/><G119/><T123/><D43/><U116/><E71/><V10/><F77/><W92/><G70/><T39/><D39/><U33/><E116/><V133/><F133/><W34/><G38/><T8/><D25/><U101/><E108/><V87/><F87/><W114/><G34/><T53/><D123/><U68/><E82/><V37/><F37/><W29/><G29/><T64/><D100/><U102/><E102/><V81/><F104/><W44/><G0/><T90/><D135/><U98/><E68/><V51/><F96/><W122/><G44/><T15/><REACH who="0" step="1"/><D64/><REACH who="0" ten="113,224,415,238" step="2"/><U32/><E106/><V19/><F36/><W124/><G122/><T52/><D52/><U88/><E33/><V120/><F120/><W72/><G16/><N who="1" m="6250" /><E32/><V41/><F19/><W118/><G118/><T67/><D67/><U125/><E27/><V31/><F31/><W2/><G2/><T69/><D69/><U110/><E110/><V35/><F35/><W42/><G42/><T28/><D28/><U60/><E125/><V4/><F4/><W55/><G55/><AGARI ba="1,1" hai="3,5,10,40,41,49,51,54,55,56,59,76,81,85" machi="55" ten="40,2000,0" yaku="9,1" doraHai="12" who="2" fromWho="3" sc="113,0,224,0,415,33,238,-23" /><INIT seed="6,2,0,4,2,52" ten="113,224,448,215" oya="2" hai0="78,17,16,130,80,114,104,106,24,85,2,79,87" hai1="103,0,101,68,76,92,12,100,84,72,82,14,48" hai2="22,61,120,25,116,33,111,69,77,127,117,11,63" hai3="88,83,8,132,62,31,32,74,13,99,97,67,65"/><V51/><F33/><W123/><G32/><T98/><D2/><U47/><E68/><V126/><F77/><W5/><G74/><T46/><D46/><U34/><E0/><V26/><F11/><W23/><G123/><T28/><D130/><U115/><E34/><V18/><F51/><W44/><G44/><T37/><D37/><U95/><E115/><V4/><F4/><W133/><G133/><T57/><D114/><U134/><E134/><V119/><F120/><W10/><G10/><T42/><D42/><U30/><E30/><V29/><F69/><W110/><G110/><T66/><D106/><U94/><E72/><V3/><F3/><W1/><G1/><T135/><D135/><U49/><REACH who="1" step="1"/><E47/><REACH who="1" ten="113,214,448,215" step="2"/><V6/><F111/><W118/><G132/><T59/><D104/><U27/><E27/><V89/><F25/><N who="3" m="16831" /><G118/><T64/><D98/><N who="3" m="37385" /><G62/><T105/><D105/><U131/><E131/><V9/><F29/><W36/><G36/><T129/><D129/><U102/><N who="1" m="25600" /><DORA hai="50" /><U75/><E75/><V54/><F63/><W60/><G60/><T93/><D24/><U109/><E109/><V125/><F61/><W53/><G53/><T41/><D28/><U107/><E107/><V45/><F54/><W39/><G39/><T40/><REACH who="0" step="1"/><D93/><REACH who="0" ten="103,214,448,215" step="2"/><U113/><E113/><V124/><F45/><W121/><G121/><T122/><D122/><U96/><E96/><V81/><F127/><W86/><AGARI ba="2,2" hai="5,8,13,65,67,83,86,88" m="37385,16831" machi="86" ten="30,2000,0" yaku="8,1,54,1" doraHai="52,50" who="3" fromWho="3" sc="103,-7,214,-7,448,-12,215,46" /><INIT seed="7,0,0,0,5,5" ten="96,207,436,261" oya="3" hai0="9,102,120,66,58,2,69,86,30,132,6,107,114" hai1="28,112,110,25,53,33,72,104,131,75,90,79,49" hai2="10,93,74,82,115,123,118,8,65,135,55,22,91" hai3="63,76,101,56,20,7,100,21,43,78,64,50,62"/><W87/><G7/><T51/><D120/><U125/><E104/><V106/><F118/><W99/><G43/><T60/><D114/><U119/><E110/><V47/><F123/><W34/><G34/><T4/><D30/><U3/><E3/><V14/><F106/><W1/><G1/><T29/><D29/><U116/><E112/><V77/><F65/><W42/><G63/><T128/><D6/><U68/><E75/><V11/><F22/><N who="3" m="8811" /><G99/><T32/><D32/><U89/><E68/><V71/><F71/><W96/><G96/><T37/><D86/><U0/><E0/><V130/><F115/><W127/><G87/><T70/><D128/><U52/><E116/><V19/><F130/><W84/><G84/><T67/><D132/><U117/><E119/><V12/><F135/><W81/><G81/><T59/><D37/><U80/><E33/><V38/><F14/><W133/><G127/><T18/><D18/><U94/><E125/><V13/><F13/><W97/><G97/><T83/><D83/><U129/><E72/><V16/><F19/><W109/><G109/><T54/><D102/><N who="3" m="39529" /><G133/><T36/><D107/><U105/><E105/><V17/><F17/><W39/><G39/><T85/><D85/><U113/><E117/><V26/><F26/><W40/><G40/><T48/><D36/><U126/><E113/><V111/><F111/><W122/><G122/><T134/><D134/><U57/><E129/><V92/><F38/><W24/><G24/><T103/><D103/><U73/><E131/><V124/><F124/><W27/><G27/><T31/><D31/><RYUUKYOKU type="nm" ba="0,0" sc="96,-20,207,80,436,-20,261,-40" hai3="42,50,56,62,64,76,78" /><INIT seed="7,1,0,1,0,122" ten="76,287,416,221" oya="3" hai0="132,44,118,8,25,38,97,92,47,19,66,105,37" hai1="63,52,15,65,62,77,23,110,46,131,121,13,31" hai2="115,30,103,117,81,7,39,22,50,27,68,21,129" hai3="119,6,73,76,55,80,36,64,70,28,5,134,12"/><W71/><G55/><T128/><D118/><U24/><E121/><V33/><F39/><W116/><G5/><T133/><D66/><U41/><E110/><V120/><F117/><N who="3" m="45131" /><G12/><T87/><D105/><U114/><E131/><V10/><F120/><W49/><G49/><T54/><D128/><U104/><E104/><V42/><F129/><W51/><G51/><T86/><D25/><U94/><E114/><V88/><F115/><W127/><G28/><T82/><D37/><U112/><E112/><V48/><F68/><N who="3" m="26155" /><G64/><T89/><D38/><U34/><E34/><V9/><F103/><W14/><G14/><N who="1" m="5130" /><E77/><V84/><F50/><W20/><G20/><T69/><BYE who="2" /><D69/><U109/><E109/><V102/><F102/><W107/><G6/><T79/><D19/><U72/><E41/><V3/><F3/><W100/><G127/><T60/><D8/><U58/><E72/><V99/><F99/><N who="3" m="61855" /><G36/><T98/><D60/><N who="1" m="35911" /><E46/><V0/><F0/><W61/><G61/><N who="1" m="23050" /><E94/><V29/><F29/><W75/><G75/><N who="0" m="43391" /><D54/><U2/><E2/><V67/><F67/><AGARI ba="1,0" hai="23,24,31,65,67" m="23050,35911,5130" machi="67" ten="30,2000,0" yaku="8,1,54,1" doraHai="122" who="1" fromWho="2" sc="76,0,287,23,416,-23,221,0" owari="76,-42,310,11,393,49,221,-18" /></mjloggm>