<mjloggm ver="2.3"><GO type="137" lobby="0"/><UN n0="%E3%81%82%E3%81%84%E3%81%82%E3%81%84" n1="%E3%81%95%E3%81%8B%E3%81%A4%E3%81%AE%E3%81%97%E3%81%AB" n2="%E7%95%99%E8%90%8C" n3="%54%4C%4B%4B%4C%54" dan="11,11,12,11" rate="1696.47,1560.36,1770.92,1634.14" sx="M,M,M,M"/><TAIKYOKU oya="0"/><INIT seed="0,0,0,1,2,73" ten="250,250,250,250" oya="0" hai0="92,121,79,35,74,31,99,0,51,127,57,58,36" hai1="65,117,16,128,102,109,87,5,20,76,39,86,122" hai2="116,2,97,12,26,69,132,110,95,23,21,80,84" hai3="25,71,40,111,68,22,30,119,100,34,104,75,55"/><T107/><BYE who="2" /><D121/><UN n2="%E7%95%99%E8%90%8C" /><U11/><E117/><V88/><F88/><W98/><BYE who="2" /><G119/><UN n2="%E7%95%99%E8%90%8C" /><T47/><D36/><U70/><E39/><V91/><F69/><W72/><G111/><T33/><D0/><U1/><E122/><V52/><F2/><W8/><G22/><T38/><D38/><U43/><E109/><V94/><F116/><W123/><G55/><T101/><D127/><U27/><E128/><V78/><F110/><W53/><G53/><T56/><D31/><U82/><E102/><N who="2" m="60727" /><F132/><W7/><G123/><T103/><D101/><U135/><E135/><V32/><F32/><W17/><G17/><T3/><D3/><U29/><E70/><N who="3" m="26666" /><G40/><T41/><D92/><U108/><E108/><V15/><F95/><W114/><G114/><T60/><REACH who="0" step="1"/><D60/><REACH who="0" ten="240,250,250,250" step="2"/><U124/><E124/><V49/><F91/><W89/><G89/><T85/><D85/><N who="1" m="48327" /><E43/><V133/><F133/><W19/><G19/><T118/><D118/><U90/><E1/><AGARI ba="0,1" hai="1,7,8,25,30,34,72,75,98,100,104" m="26666" machi="1" ten="30,2000,0" yaku="33,2" doraHai="73" who="3" fromWho="1" sc="240,0,250,-20,250,0,250,30" /><INIT seed="1,0,0,2,2,34" ten="240,230,250,280" oya="1" hai0="112,62,25,19,35,60,103,49,79,88,21,72,33" hai1="23,98,82,125,123,36,108,96,54,58,128,89,39" hai2="53,121,107,90,61,68,127,27,102,14,133,75,84" hai3="119,40,73,42,64,131,9,66,105,59,7,47,101"/><U18/><E123/><V106/><F75/><W17/><G73/><T38/><D38/><U22/><E108/><V116/><F121/><W31/><G17/><T8/><D112/><U81/><E128/><V117/><F116/><W26/><G119/><T30/><D103/><U67/><E125/><V5/><F117/><W0/><G131/><T83/><D49/><U126/><E126/><V76/><F27/><W3/><G42/><T57/><D19/><U11/><E67/><V15/><F127/><W69/><G69/><T20/><D33/><U41/><E39/><V52/><F133/><W51/><G59/><T95/><D8/><U110/><E110/><V10/><F15/><W1/><G66/><T50/><D50/><N who="1" m="31063" /><E36/><V70/><F76/><W63/><G105/><T135/><D135/><U65/><E65/><V29/><F29/><W130/><G101/><T134/><D134/><U100/><E100/><V4/><F4/><W56/><REACH who="3" step="1"/><G130/><REACH who="3" ten="240,230,250,270" step="2"/><T99/><REACH who="0" step="1"/><D62/><REACH who="0" ten="230,230,250,270" step="2"/><U111/><E41/><V93/><F68/><W91/><G91/><T97/><D97/><N who="1" m="37483" /><E111/><V13/><F70/><W77/><G77/><T6/><D6/><U48/><E48/><V12/><F107/><W44/><G44/><T94/><D94/><U122/><E122/><V92/><F106/><W55/><G55/><AGARI ba="0,2" hai="20,21,25,30,35,55,57,60,72,79,83,88,95,99" machi="55" ten="30,7700,0" yaku="1,1,7,1,54,1,53,1" doraHai="34" doraHaiUra="86" who="0" fromWho="3" sc="230,97,230,0,250,0,270,-77" /><INIT seed="2,0,0,0,1,88" ten="327,230,250,193" oya="2" hai0="122,92,13,112,20,29,24,82,2,129,47,114,16" hai1="98,43,106,134,45,9,46,133,54,85,119,49,101" hai2="52,81,42,126,65,123,108,32,125,135,27,105,78" hai3="19,38,21,7,86,44,5,68,51,90,72,130,67"/><V124/><F123/><W99/><G130/><T4/><D122/><U0/><E119/><V96/><F42/><W22/><G72/><T10/><D129/><U55/><E0/><V79/><F65/><W118/><G118/><T39/><D82/><U117/><E117/><V116/><F116/><W95/><G38/><T14/><D39/><U80/><E9/><V37/><F37/><W64/><G99/><T111/><D47/><U60/><E60/><V28/><F108/><W59/><G68/><T34/><D111/><U63/><E63/><V97/><F135/><N who="1" m="51721" /><E45/><V120/><F120/><W41/><G22/><T6/><D92/><U84/><E84/><N who="2" m="48183" /><F79/><AGARI ba="0,0" hai="43,46,49,54,55,79,80,85,98,101,106" m="51721" machi="79" ten="30,1000,0" yaku="20,1" doraHai="88" who="1" fromWho="2" sc="327,0,230,10,250,-10,193,0" /><INIT seed="3,0,0,4,3,90" ten="327,240,240,193" oya="3" hai0="25,128,82,45,124,92,119,101,126,36,43,44,50" hai1="105,46,94,30,79,106,122,103,60,56,127,96,97" hai2="69,51,2,121,39,31,85,102,123,86,98,26,48" hai3="35,17,11,49,110,63,64,61,28,40,1,3,55"/><W16/><G110/><T59/><D119/><U34/><E122/><N who="2" m="46603" /><F69/><W77/><G77/><T132/><D82/><U41/><E79/><V129/><F2/><W66/><G40/><T8/><D8/><U74/><E74/><V14/><F39/><W112/><G112/><T42/><D25/><U108/><E108/><V29/><F14/><W7/><G3/><T109/><D101/><U93/><E127/><V67/><F67/><W99/><G99/><T53/><D109/><U10/><E34/><N who="2" m="20791" /><F31/><W9/><G9/><T133/><D92/><U57/><E10/><V18/><F18/><W83/><G83/><T80/><D80/><U118/><E118/><V54/><F129/><W24/><G63/><T72/><D72/><U117/><E117/><V73/><F73/><W68/><REACH who="3" step="1"/><G66/><REACH who="3" ten="327,240,240,183" step="2"/><T20/><D128/><U115/><E115/><V114/><F114/><W5/><G5/><T6/><D6/><U95/><E60/><V52/><F98/><W58/><AGARI ba="0,1" hai="1,7,11,16,17,24,28,35,49,55,58,61,64,68" machi="58" ten="20,7800,0" yaku="1,1,0,1,7,1,54,1,53,0" doraHai="90" doraHaiUra="75" who="3" fromWho="3" sc="327,-26,240,-26,240,-26,183,88" /><INIT seed="3,1,0,1,4,82" ten="301,214,214,271" oya="3" hai0="69,55,14,134,115,113,80,12,81,54,42,56,85" hai1="67,116,8,49,48,78,25,13,124,79,11,37,35" hai2="31,3,2,40,87,100,91,121,90,22,76,106,94" hai3="66,126,118,28,132,88,127,114,61,125,119,16,27"/><W47/><G114/><N who="0" m="43531" /><D69/><U41/><E116/><N who="3" m="44586" /><G47/><T120/><D120/><U7/><E67/><V110/><F40/><W64/><G132/><T24/><D42/><U45/><E124/><V52/><F121/><W39/><G39/><T109/><D109/><U43/><E35/><V6/><F110/><W44/><G44/><T0/><D0/><U36/><E25/><V130/><F130/><W4/><G4/><T107/><D107/><U62/><E62/><V21/><F2/><W68/><G66/><T117/><D117/><U95/><E95/><V111/><F111/><W59/><G68/><T30/><D134/><U77/><REACH who="1" step="1"/><E11/><REACH who="1" ten="301,204,214,271" step="2"/><V23/><F3/><W102/><G27/><T89/><D24/><U105/><E105/><V17/><F31/><W46/><G28/><T15/><D30/><U33/><E33/><V58/><F6/><W10/><G10/><T29/><D29/><U108/><E108/><V72/><F106/><W70/><G70/><T73/><D56/><U135/><E135/><V128/><F58/><W74/><G74/><T38/><D38/><U50/><E50/><V51/><F51/><W63/><G63/><T98/><D98/><U104/><E104/><V57/><F57/><W99/><G99/><T5/><D5/><U92/><E92/><V9/><F94/><W53/><G127/><T32/><D32/><U101/><E101/><V93/><F100/><W18/><G126/><T122/><D122/><U71/><E71/><V129/><F93/><W26/><G125/><T123/><D123/><U133/><E133/><V131/><F72/><W19/><G26/><RYUUKYOKU ba="1,1" sc="301,15,204,15,214,-15,271,-15" hai0="12,14,15,54,55,73,80,81,85,89" hai1="7,8,13,36,37,41,43,45,48,49,77,78,79" /><INIT seed="4,2,1,2,1,47" ten="316,219,199,256" oya="0" hai0="103,5,128,59,87,112,12,53,123,95,90,105,32" hai1="55,111,15,91,76,1,120,43,79,11,94,64,20" hai2="6,98,118,17,44,104,35,28,61,100,36,52,66" hai3="106,49,85,124,80,110,115,83,88,58,9,108,129"/><T122/><D112/><U24/><E120/><V54/><F6/><W67/><G106/><T40/><D32/><U70/><E1/><V74/><F74/><W19/><G83/><T75/><D128/><U38/><E111/><V119/><F17/><W63/><G115/><T56/><D40/><U125/><E125/><V86/><F86/><W16/><G129/><T107/><D5/><U3/><E3/><V45/><F36/><W121/><G124/><T2/><D2/><U133/><E133/><V50/><F45/><W41/><G121/><T0/><D0/><U126/><E126/><V114/><F114/><W29/><G29/><T33/><D33/><U130/><E130/><V26/><REACH who="2" step="1"/><F54/><REACH who="2" ten="316,219,189,256" step="2"/><W60/><G41/><T117/><D75/><U18/><E38/><V31/><F31/><W78/><G110/><T127/><D127/><U22/><E43/><V27/><F27/><W72/><G108/><T109/><D123/><U62/><E55/><V51/><F51/><W8/><G49/><T13/><D109/><U57/><E70/><AGARI ba="2,2" hai="26,28,35,44,50,52,61,66,70,98,100,104,118,119" machi="70" ten="40,8000,1" yaku="1,1,25,2,52,1,54,1,53,0" doraHai="47" doraHaiUra="84" who="2" fromWho="1" sc="316,0,219,-86,189,106,256,0" /><INIT seed="5,0,0,2,4,24" ten="316,133,295,256" oya="1" hai0="44,75,131,12,9,70,43,54,17,66,92,91,26" hai1="21,32,80,107,86,128,20,125,58,35,2,95,50" hai2="112,59,108,29,134,31,34,123,0,64,90,124,89" hai3="118,47,94,23,65,96,71,63,103,69,7,25,40"/><U27/><E2/><V72/><F0/><W74/><G118/><T130/><D75/><U62/><E107/><V106/><F108/><W85/><G74/><T15/><D70/><U115/><E115/><V121/><F106/><W111/><G111/><T77/><D77/><U135/><E35/><V126/><F112/><W83/><G7/><T61/><D15/><U119/><E119/><V16/><F72/><W67/><G67/><T133/><D133/><U8/><E135/><V110/><F110/><W87/><G83/><T48/><D26/><U122/><E122/><V11/><F34/><W82/><G82/><T101/><D101/><U81/><E128/><V18/><F134/><W38/><REACH who="3" step="1"/><G69/><REACH who="3" ten="316,133,295,246" step="2"/><T129/><D66/><N who="1" m="39255" /><E125/><V117/><F64/><W79/><G79/><T88/><D92/><U30/><E32/><V93/><F117/><W55/><G55/><T105/><D105/><U57/><E20/><V6/><F93/><W56/><G56/><AGARI ba="0,1" hai="9,12,17,43,44,48,54,56,61,88,91,129,130,131" machi="56" ten="40,2600,0" yaku="19,1,54,1" doraHai="24" who="0" fromWho="3" sc="316,36,133,0,295,0,246,-26" /><INIT seed="6,0,0,0,4,126" ten="352,133,295,220" oya="2" hai0="52,100,78,38,45,47,120,39,1,26,98,54,48" hai1="56,113,5,75,17,127,51,73,129,110,85,93,117" hai2="123,89,40,16,65,101,122,64,9,46,24,27,94" hai3="67,86,91,76,62,99,115,92,84,23,13,135,97"/><V71/><F101/><W7/><G135/><T55/><D1/><U25/><E113/><V44/><F122/><W105/><G115/><T57/><D78/><U106/><E110/><V12/><F123/><W15/><G105/><T4/><D4/><U96/><E127/><V125/><F125/><W66/><G97/><T59/><D26/><N who="2" m="9770" /><F71/><W69/><G67/><N who="2" m="25673" /><F40/><W130/><G130/><T111/><D111/><U108/><E117/><V119/><F119/><W18/><REACH who="3" step="1"/><G76/><REACH who="3" ten="352,133,295,210" step="2"/><T112/><D112/><U72/><E129/><V134/><F134/><W114/><G114/><T28/><D120/><U8/><E108/><V43/><F43/><W74/><G74/><T6/><D28/><U30/><E72/><V81/><F81/><W107/><G107/><T20/><D98/><AGARI ba="0,1" hai="9,12,16,44,46,89,94,98" m="25673,9770" machi="98" ten="30,2900,0" yaku="8,1,54,1" doraHai="126" who="2" fromWho="0" sc="352,-29,133,0,295,39,210,0" /><INIT seed="6,1,0,0,5,108" ten="323,133,334,210" oya="2" hai0="125,57,115,67,50,21,114,56,31,131,96,103,68" hai1="70,110,95,91,1,85,130,66,90,36,89,34,17" hai2="19,54,38,129,10,43,41,9,111,113,86,6,81" hai3="133,42,4,84,20,118,44,98,94,39,83,97,134"/><V124/><F111/><W30/><G118/><T92/><D125/><U11/><E36/><V22/><F38/><W65/><G65/><T0/><D0/><U99/><E110/><V49/><F124/><W16/><G30/><T88/><D131/><U64/><E34/><V78/><F129/><W26/><G4/><T120/><D120/><U13/><E1/><V126/><F126/><W2/><G2/><T121/><D121/><U87/><E130/><V116/><F116/><W104/><G104/><T60/><D50/><U12/><E70/><V46/><F113/><N who="0" m="43018" /><D103/><U3/><E3/><V28/><F28/><W27/><G27/><AGARI ba="1,0" hai="21,27,31,56,57,60,67,68,88,92,96" m="43018" machi="27" ten="30,8000,1" yaku="15,1,52,3,54,1" doraHai="108" who="0" fromWho="3" sc="323,83,133,0,334,0,210,-83" /><INIT seed="7,0,0,1,4,109" ten="406,133,334,127" oya="3" hai0="17,89,70,126,2,16,83,47,34,59,92,1,50" hai1="33,94,115,65,69,78,111,45,130,82,57,42,76" hai2="104,91,79,119,54,19,107,114,135,116,13,113,12" hai3="46,64,88,39,27,28,15,106,21,103,40,101,133"/><W99/><G15/><T22/><D70/><U10/><E111/><V49/><F79/><W43/><G40/><T123/><D34/><U96/><E69/><V72/><F72/><W98/><G133/><T4/><D123/><U125/><E33/><V9/><F135/><W131/><G131/><T29/><D126/><U55/><E130/><V56/><F13/><W73/><G73/><T32/><D32/><U5/><E125/><V77/><F77/><W121/><G121/><T87/><D4/><U53/><E65/><V58/><F91/><W85/><G64/><T51/><D1/><U93/><E57/><V120/><F120/><W26/><G26/><T30/><D2/><U84/><E96/><V81/><F81/><W41/><G41/><T108/><D108/><U122/><E122/><V118/><REACH who="2" step="1"/><F58/><REACH who="2" ten="406,133,324,127" step="2"/><W24/><G88/><T52/><D83/><U62/><E84/><V38/><F38/><W61/><G85/><T35/><D35/><U6/><E82/><V48/><F48/><W67/><G106/><AGARI ba="0,1" hai="9,12,19,49,54,56,104,106,107,113,114,116,118,119" machi="106" ten="50,6400,0" yaku="1,1,52,2,53,0" doraHai="109" doraHaiUra="117" who="2" fromWho="3" sc="406,0,133,0,324,74,127,-64" owari="406,51,133,-27,398,20,63,-44" /></mjloggm>