<mjloggm ver="2.3"><GO type="137" lobby="0"/><UN n0="%E3%81%91%E3%82%93%E3%81%A9%E3%82%93%E3%81%A1%E3%82%83%E3%81%BE" n1="%E5%89%87%E5%B7%BB%E3%82%AC%E3%82%B8%E3%83%A9" n2="%E7%95%99%E8%90%8C" n3="%4B%75%6E%6F" dan="13,12,12,12" rate="1723.01,1681.30,1752.64,1711.44" sx="M,M,M,M"/><TAIKYOKU oya="0"/><INIT seed="0,0,0,5,3,100" ten="250,250,250,250" oya="0" hai0="94,3,122,60,93,101,57,36,64,103,107,29,112" hai1="27,81,8,15,39,88,92,83,108,19,63,72,110" hai2="111,118,40,98,77,123,44,135,114,30,61,69,106" hai3="33,113,46,35,9,84,14,120,66,134,41,22,68"/><T52/><D122/><U90/><E39/><V49/><F77/><W59/><G120/><T85/><D36/><U126/><E126/><V91/><F114/><W124/><G113/><T131/><D112/><U21/><E72/><V132/><F123/><W129/><G124/><T5/><D131/><U25/><E25/><V78/><F78/><W0/><G129/><T71/><D29/><U82/><E63/><V7/><F7/><W75/><G75/><T96/><D5/><U128/><E128/><V79/><F79/><W43/><G68/><T121/><D3/><U62/><E62/><V37/><F30/><W48/><G134/><N who="2" m="51241" /><F37/><W50/><G0/><T119/><D121/><U70/><E70/><V89/><F118/><W73/><G73/><T133/><D119/><U87/><REACH who="1" step="1"/><E90/><REACH who="1" ten="250,240,250,250" step="2"/><V10/><F69/><W58/><G66/><T80/><D133/><U104/><E104/><V86/><F61/><W74/><G74/><T109/><D109/><U26/><E26/><V2/><F2/><W53/><G48/><T117/><D117/><U54/><E54/><V115/><F106/><W42/><G53/><T125/><D125/><U34/><E34/><V24/><F115/><W28/><G35/><T18/><D103/><U127/><E127/><V67/><F24/><W95/><G33/><T51/><D71/><U47/><E47/><V45/><F111/><W99/><G46/><T4/><D64/><U55/><E55/><N who="2" m="30119" /><F67/><W12/><G28/><AGARI ba="0,1" hai="8,15,19,21,27,28,81,82,83,87,88,92,108,110" machi="28" ten="40,2600,0" yaku="1,1,54,1,53,0" doraHai="100" doraHaiUra="102" who="1" fromWho="3" sc="250,0,240,36,250,0,250,-26" /><INIT seed="1,0,0,2,4,62" ten="250,276,250,224" oya="1" hai0="116,78,40,134,81,129,8,69,77,123,43,73,16" hai1="56,39,109,101,108,12,59,100,111,15,64,75,66" hai2="27,118,46,91,6,51,55,90,45,30,10,94,7" hai3="107,32,96,99,122,34,17,11,35,110,112,25,86"/><U102/><E39/><V106/><F118/><W124/><G122/><T126/><D116/><U130/><E75/><V74/><F106/><W135/><G112/><T117/><D117/><U28/><E28/><V114/><F74/><W119/><G110/><T128/><D69/><U5/><E5/><N who="2" m="1547" /><F114/><W67/><G119/><T92/><D123/><U3/><E3/><V79/><F79/><W47/><G135/><T87/><D134/><U93/><E93/><V72/><F72/><W125/><G107/><T23/><D8/><U44/><E44/><V70/><F70/><W29/><G47/><T103/><D126/><N who="3" m="48745" /><G86/><T37/><D77/><U33/><E33/><N who="3" m="12906" /><G99/><T24/><D37/><U80/><E80/><V89/><F10/><W41/><G41/><T127/><D127/><U61/><E130/><N who="0" m="50281" /><D87/><U58/><E61/><V49/><F94/><W31/><G96/><AGARI ba="0,0" hai="16,23,24,40,43,73,78,81,92,96,103" m="50281" machi="96" ten="30,2000,0" yaku="19,1,54,1" doraHai="62" who="0" fromWho="3" sc="250,20,276,0,250,0,224,-20" /><INIT seed="2,0,0,1,3,59" ten="270,276,250,204" oya="2" hai0="78,48,40,113,107,119,126,81,9,115,127,73,116" hai1="55,26,0,19,15,13,86,83,118,47,30,111,20" hai2="67,61,28,104,87,32,84,132,82,75,99,135,106" hai3="90,96,88,62,58,18,71,130,66,91,103,70,45"/><V12/><F32/><W46/><G130/><T38/><D38/><U85/><E118/><N who="0" m="45097" /><D9/><U8/><E111/><V76/><F28/><W69/><REACH who="3" step="1"/><G18/><REACH who="3" ten="270,276,250,194" step="2"/><T129/><D129/><U98/><E0/><V29/><F29/><W51/><G51/><T114/><D107/><AGARI ba="0,1" hai="45,46,58,62,66,69,70,71,88,90,91,96,103,107" machi="107" ten="50,8000,1" yaku="1,1,52,1,54,1,53,1" doraHai="59" doraHaiUra="60" who="3" fromWho="0" sc="270,-80,276,0,250,0,194,90" /><INIT seed="3,0,0,2,1,80" ten="190,276,250,284" oya="3" hai0="43,37,107,69,1,34,92,60,24,131,100,23,39" hai1="104,41,57,117,54,114,7,115,26,2,76,12,65" hai2="32,45,19,88,11,129,44,59,105,5,75,73,89" hai3="46,120,0,18,61,53,48,47,82,97,108,94,78"/><W21/><G120/><T121/><D121/><U130/><E104/><V95/><F32/><W124/><G108/><T123/><D123/><U50/><E2/><V81/><F105/><W52/><G124/><T8/><D34/><U68/><E117/><V29/><F29/><W126/><G126/><T87/><D107/><U72/><E26/><V3/><F59/><N who="3" m="35047" /><G0/><T42/><D131/><U56/><E56/><V25/><F129/><W109/><G109/><T79/><D39/><U118/><E118/><V112/><F112/><W91/><G82/><T128/><D128/><U13/><E130/><V62/><F62/><W6/><G6/><T110/><D110/><U101/><E101/><V106/><F106/><W14/><G78/><T9/><D37/><U111/><E111/><V36/><F36/><W98/><G98/><T64/><D8/><U125/><E125/><V27/><F45/><AGARI ba="0,0" hai="14,18,21,45,46,47,48,53,91,94,97" m="35047" machi="45" ten="30,2900,0" yaku="8,1,54,1" doraHai="80" who="3" fromWho="2" sc="190,0,276,0,250,-29,284,29" /><INIT seed="3,1,0,4,2,65" ten="190,276,221,313" oya="3" hai0="70,12,77,23,111,68,124,16,53,37,89,74,73" hai1="121,87,4,5,39,1,62,128,54,19,45,26,10" hai2="9,21,44,58,50,97,105,31,22,41,132,18,109" hai3="134,88,56,122,64,86,51,82,104,99,20,29,52"/><W133/><G122/><T92/><D37/><U33/><E121/><V63/><F105/><W72/><G72/><T114/><D114/><U76/><E39/><V81/><F97/><W90/><G64/><T119/><D119/><U85/><E128/><V61/><F81/><W100/><G104/><T32/><D32/><U91/><E76/><V78/><F78/><W120/><G120/><T49/><D124/><U129/><E129/><V57/><F109/><W46/><G46/><T30/><D30/><U48/><E5/><V27/><F132/><N who="3" m="50795" /><G100/><T3/><D3/><U79/><E79/><V115/><F115/><W112/><G112/><T117/><D111/><U127/><E91/><V118/><F118/><W35/><G35/><T66/><D66/><U40/><E40/><V103/><F103/><W59/><G59/><N who="2" m="22537" /><F9/><W71/><G71/><T8/><D117/><U38/><E38/><V34/><F34/><W126/><G126/><T94/><D8/><U98/><E98/><V42/><F42/><W28/><G20/><T11/><D11/><U24/><E127/><V116/><F116/><W101/><G101/><T93/><D89/><U80/><E80/><V84/><F84/><W47/><G47/><T55/><D77/><U130/><E26/><AGARI ba="1,0" hai="18,21,22,26,27,31,41,44,50,61,63" m="22537" machi="26" ten="30,1000,0" yaku="8,1" doraHai="65" who="2" fromWho="1" sc="190,0,276,-13,221,13,313,0" /><INIT seed="4,0,0,1,2,2" ten="190,263,234,313" oya="0" hai0="11,108,18,87,29,14,61,56,98,122,19,109,37" hai1="58,50,72,128,83,89,47,107,65,101,17,78,92" hai2="91,28,59,54,48,32,5,130,22,99,45,135,69" hai3="123,67,106,12,125,97,85,16,90,115,96,10,25"/><T0/><D0/><U127/><E127/><V6/><F69/><W38/><G125/><T51/><D122/><U23/><E128/><V77/><F77/><W81/><G123/><T33/><D37/><U95/><E65/><V62/><F32/><W75/><G115/><T55/><D29/><U40/><E58/><V9/><F130/><W126/><G126/><T79/><D33/><U74/><E74/><V3/><F135/><W21/><G38/><T8/><D98/><U104/><E101/><V70/><F70/><W24/><G106/><T26/><D61/><U93/><REACH who="1" step="1"/><E89/><REACH who="1" ten="190,253,234,313" step="2"/><V110/><F91/><W44/><G67/><T57/><D56/><U27/><AGARI ba="0,1" hai="17,23,27,40,47,50,72,78,83,92,93,95,104,107" machi="27" ten="30,12000,2" yaku="1,1,2,1,0,1,53,3" doraHai="2" doraHaiUra="88" who="1" fromWho="1" sc="190,-60,253,130,234,-30,313,-30" /><INIT seed="5,0,0,3,0,80" ten="130,383,204,283" oya="1" hai0="59,72,82,53,92,57,55,24,14,27,109,31,25" hai1="73,56,116,61,103,76,33,107,63,65,98,62,112" hai2="49,114,129,100,87,106,117,6,69,118,11,22,66" hai3="32,36,86,7,134,58,46,15,101,50,68,54,40"/><U41/><E116/><V110/><F117/><W75/><G68/><T39/><D109/><U19/><E73/><V16/><F118/><W126/><G126/><T96/><D39/><U45/><E76/><V99/><F110/><W51/><G134/><T113/><D113/><U28/><E19/><V93/><F129/><W97/><G32/><T4/><D72/><U23/><E23/><V60/><F114/><W133/><G133/><T8/><D82/><U47/><E47/><V127/><F127/><W20/><G75/><T108/><D108/><U3/><E3/><V122/><F122/><W105/><G36/><T132/><D132/><U85/><E112/><V102/><F102/><W121/><G121/><T111/><D111/><U135/><E135/><V120/><F120/><W67/><G67/><T95/><D31/><U83/><E83/><V30/><F49/><W9/><G20/><T21/><D21/><U44/><E44/><V34/><F34/><W70/><G70/><T1/><D1/><U5/><E5/><V13/><F30/><W74/><G74/><T48/><REACH who="0" step="1"/><D96/><REACH who="0" ten="120,383,204,283" step="2"/><U42/><E28/><V104/><REACH who="2" step="1"/><F87/><REACH who="2" ten="120,383,194,283" step="2"/><W12/><G86/><T17/><D17/><U29/><E29/><V10/><F10/><W90/><G97/><T18/><D18/><U79/><E33/><V37/><F37/><W84/><G84/><T130/><D130/><U88/><E85/><V125/><F125/><W123/><G123/><T89/><D89/><U119/><E88/><V77/><F77/><W78/><G90/><T35/><D35/><U128/><E79/><V91/><F91/><RYUUKYOKU ba="0,2" sc="120,15,383,-15,194,15,283,-15" hai0="4,8,14,24,25,27,48,53,55,57,59,92,95" hai2="6,11,13,16,22,60,66,69,93,99,100,104,106" /><INIT seed="6,1,2,1,2,80" ten="135,368,209,268" oya="2" hai0="106,91,1,56,122,43,45,29,11,90,0,65,74" hai1="121,2,10,47,51,89,59,55,94,128,52,105,15" hai2="4,5,85,50,120,127,76,129,119,82,41,14,58" hai3="66,26,49,8,114,104,7,84,92,118,37,99,18"/><V6/><F119/><W81/><G114/><T16/><D122/><U34/><E105/><V126/><F120/><W62/><G118/><T125/><D74/><U31/><E2/><V48/><F129/><W79/><G37/><T71/><D71/><U24/><E128/><V9/><F58/><W70/><G104/><T3/><D125/><U67/><E67/><V44/><REACH who="2" step="1"/><F48/><REACH who="2" ten="135,368,199,268" step="2"/><W21/><G49/><T110/><D110/><U108/><E121/><V88/><F88/><W23/><G23/><T115/><D115/><U77/><E108/><V116/><F116/><W102/><G8/><T132/><D132/><U68/><E77/><V69/><F69/><W57/><G70/><T32/><D91/><U111/><E111/><V72/><F72/><W28/><G7/><AGARI ba="1,3" hai="4,5,6,7,9,14,41,44,50,76,82,85,126,127" machi="7" ten="40,18000,2" yaku="1,1,25,2,52,1,53,2" doraHai="80" doraHaiUra="134" who="2" fromWho="3" sc="135,0,368,0,199,213,268,-183" /><INIT seed="6,2,0,0,0,12" ten="135,368,412,85" oya="2" hai0="46,116,57,94,120,132,53,121,6,35,70,103,54" hai1="41,91,49,27,118,65,15,79,89,31,42,75,107" hai2="77,84,37,125,109,127,71,52,87,62,90,56,112" hai3="100,88,111,10,36,72,92,21,61,39,47,133,93"/><V13/><F37/><W50/><G111/><T86/><D116/><U48/><E107/><V55/><F71/><W18/><G133/><T81/><D70/><U20/><E65/><V7/><F112/><W76/><G10/><T0/><D35/><U105/><E105/><V106/><F106/><W14/><G61/><T73/><D73/><U113/><E118/><V66/><F109/><W58/><G58/><T4/><D132/><U32/><E75/><V123/><F123/><W11/><G11/><T68/><D68/><U131/><E79/><V67/><F77/><W24/><G24/><T29/><D29/><U95/><E113/><V3/><F3/><W60/><G60/><T130/><D0/><U97/><E91/><V51/><F13/><W44/><G76/><T119/><D130/><U124/><E131/><V98/><F7/><W69/><G69/><T74/><D74/><U30/><E30/><V85/><F98/><W38/><G72/><T114/><D119/><U33/><E33/><V63/><F90/><W78/><G78/><T28/><D28/><U45/><E124/><N who="2" m="47691" /><F63/><W101/><G93/><T9/><D114/><U64/><E64/><V110/><F110/><W80/><G80/><T2/><D4/><U126/><E126/><V59/><AGARI ba="2,0" hai="51,52,55,56,59,62,66,67,84,85,87" m="47691" machi="59" ten="40,3900,0" yaku="18,1,54,1" doraHai="12" who="2" fromWho="2" sc="135,-15,368,-15,412,45,85,-15" /><INIT seed="6,3,0,3,4,128" ten="120,353,457,70" oya="2" hai0="77,113,46,108,5,64,121,42,61,81,15,88,59" hai1="41,27,99,35,63,90,20,8,48,127,0,91,92" hai2="133,79,19,50,58,80,73,117,100,115,2,86,94" hai3="54,45,51,32,124,22,123,84,7,24,74,68,53"/><V62/><F2/><W67/><G123/><T34/><D121/><U57/><E35/><V71/><F117/><W65/><G124/><T4/><D108/><U36/><E36/><V105/><F115/><W33/><G74/><T70/><D113/><U72/><E72/><V39/><F39/><W16/><G7/><T55/><D34/><U118/><E118/><V13/><F71/><W28/><G68/><T10/><D77/><U44/><E127/><V25/><F25/><W129/><G129/><T43/><D4/><U56/><E0/><V17/><F133/><W78/><G33/><T102/><D102/><U21/><E8/><V38/><F38/><W37/><G37/><T1/><D1/><U76/><E76/><V26/><F26/><W29/><G29/><T47/><D43/><U89/><E20/><V97/><F50/><W134/><G134/><T132/><D42/><U12/><E12/><V96/><F96/><W60/><G78/><T131/><D132/><U66/><REACH who="1" step="1"/><E57/><REACH who="1" ten="120,343,457,70" step="2"/><V110/><F13/><W98/><G32/><T135/><D135/><U116/><E116/><V31/><F31/><AGARI ba="3,1" hai="21,27,31,41,44,48,56,63,66,89,90,91,92,99" machi="31" ten="30,3900,0" yaku="1,1,7,1,8,1,53,0" doraHai="128" doraHaiUra="112" who="1" fromWho="2" sc="120,0,343,58,457,-48,70,0" /><INIT seed="7,0,0,4,2,1" ten="120,401,409,70" oya="3" hai0="47,81,49,76,62,115,93,75,125,111,27,92,8" hai1="45,96,99,7,119,22,39,32,3,103,130,129,88" hai2="79,67,38,31,123,40,53,13,102,97,54,61,4" hai3="135,44,42,56,68,63,100,120,60,64,132,127,51"/><W23/><G120/><T71/><D111/><U14/><E32/><V26/><F79/><W55/><G100/><T85/><D115/><U77/><E3/><V121/><F13/><W82/><G82/><T30/><D125/><U36/><E77/><V95/><F4/><W65/><G23/><T69/><D75/><U113/><E113/><V89/><F40/><W18/><G18/><T78/><D78/><U17/><E7/><V98/><F38/><N who="3" m="21591" /><G127/><T41/><D8/><U133/><E45/><AGARI ba="0,0" hai="45,51,55,56,60,63,64,65,68,132,135" m="21591" machi="45" ten="30,2900,0" yaku="34,2" doraHai="1" who="3" fromWho="1" sc="120,0,401,-29,409,0,70,29" /><INIT seed="7,1,0,0,0,122" ten="120,372,409,99" oya="3" hai0="116,20,70,35,124,129,87,109,66,110,93,114,104" hai1="64,113,22,108,36,133,100,111,55,5,41,57,85" hai2="107,105,89,62,135,17,6,130,106,16,19,42,74" hai3="94,31,61,97,80,132,134,76,73,72,98,49,59"/><W34/><G49/><T47/><D35/><U95/><E133/><N who="3" m="51306" /><G72/><T43/><D116/><U67/><E113/><V25/><F135/><W24/><G94/><T40/><D104/><U29/><E5/><V28/><F74/><W38/><G38/><T83/><D114/><U14/><E36/><V88/><F42/><W125/><G125/><T123/><D123/><U45/><E41/><V44/><F44/><W103/><G103/><T2/><D2/><U126/><E126/><V131/><F62/><W13/><G13/><T63/><D124/><U90/><E45/><V48/><F6/><W128/><G128/><N who="2" m="49193" /><F48/><W71/><G71/><T120/><D129/><U54/><E54/><AGARI ba="1,0" hai="24,31,34,54,59,61,73,76,80,97,98" m="51306" machi="54" ten="30,1500,0" yaku="20,1" doraHai="122" who="3" fromWho="1" sc="120,0,372,-18,409,0,99,18" /><INIT seed="7,2,0,1,1,35" ten="120,354,409,117" oya="3" hai0="86,3,129,114,28,36,2,76,46,119,85,132,112" hai1="8,48,75,43,110,30,116,37,21,11,55,7,44" hai2="52,54,123,109,64,33,104,88,59,63,0,51,49" hai3="98,93,17,84,108,71,128,115,61,57,16,60,111"/><W6/><G115/><N who="0" m="44075" /><D119/><U42/><E11/><V67/><F104/><W34/><G34/><T122/><D122/><U87/><E116/><V89/><F33/><W134/><G134/><T18/><D132/><U25/><E110/><N who="3" m="42026" /><G6/><T9/><D28/><U73/><E87/><N who="0" m="33289" /><D76/><U22/><E22/><V66/><F109/><W62/><G84/><T102/><D102/><U79/><E79/><V121/><F0/><N who="0" m="42" /><D129/><U29/><E29/><V15/><F15/><W94/><G128/><T118/><D118/><U106/><E106/><V133/><F133/><W50/><G71/><T68/><D68/><U69/><E69/><V124/><F124/><W107/><G107/><T74/><D74/><U41/><REACH who="1" step="1"/><E37/><REACH who="1" ten="120,344,409,117" step="2"/><V65/><F65/><W53/><G98/><T99/><D99/><U4/><E4/><V135/><F135/><W113/><G113/><T127/><D127/><U32/><E32/><V125/><F125/><W23/><G23/><T47/><D36/><U10/><E10/><V100/><F100/><W78/><G78/><T13/><AGARI ba="2,1" hai="9,13,18,46,47" m="42,33289,44075" machi="13" ten="40,8000,1" yaku="15,1,11,1,52,3" doraHai="35" who="0" fromWho="0" sc="120,96,344,-22,409,-22,117,-42" owari="216,-18,322,12,387,48,75,-42" /></mjloggm>