<mjloggm ver="2.3"><GO type="193" lobby="0"/><UN n0="%E7%95%99%E8%90%8C" n1="%E4%BD%95%E3%81%A7%E3%82%82%E3%83%80%E3%83%9E" n2="%73%33%30%30%33" n3="%6D%61%72%6C%65%79%34" dan="12,11,12,11" rate="1743.28,1494.12,1675.74,1585.35" sx="M,M,M,M"/><TAIKYOKU oya="0"/><INIT seed="0,0,0,1,3,44" ten="250,250,250,250" oya="0" hai0="95,46,131,100,111,53,62,75,69,124,21,43,134" hai1="28,128,33,76,9,118,112,85,130,79,32,73,56" hai2="113,133,94,10,78,104,89,123,20,90,116,19,34" hai3="57,36,13,96,41,27,24,15,119,126,83,125,122"/><T29/><D75/><U12/><E118/><V66/><F113/><W49/><G119/><T61/><D124/><U37/><E37/><V38/><F123/><W40/><G122/><T7/><D7/><U98/><E98/><V3/><F116/><W11/><G36/><T129/><D134/><U121/><E121/><V25/><F133/><W23/><G96/><N who="0" m="59423" /><D69/><U6/><E112/><V92/><F104/><W101/><G101/><T54/><D111/><U48/><E85/><V103/><F38/><W82/><G126/><T8/><D8/><U35/><E28/><V2/><F66/><W88/><G125/><T47/><D43/><U22/><E22/><V58/><F78/><W51/><G57/><N who="0" m="34991" /><D29/><U4/><E4/><V42/><F103/><W117/><G117/><T59/><D21/><U5/><E5/><V65/><F34/><W110/><G110/><T1/><D1/><U86/><E86/><V109/><F109/><W115/><G115/><T17/><D17/><U16/><E6/><V106/><F106/><W120/><G120/><T39/><D39/><U67/><E67/><V132/><F42/><N who="3" m="16491" /><G23/><T0/><D0/><U81/><REACH who="1" step="1"/><E79/><REACH who="1" ten="250,240,250,250" step="2"/><V70/><F132/><W105/><G11/><T93/><D93/><U63/><E63/><V50/><F10/><W52/><G105/><T84/><D84/><U87/><E87/><N who="2" m="52287" /><F65/><W108/><G108/><T18/><D18/><U107/><E107/><V135/><F135/><W80/><G88/><T97/><D97/><U60/><E60/><V77/><F77/><W74/><G74/><T91/><D91/><U68/><E68/><RYUUKYOKU ba="0,1" sc="250,15,240,15,250,-15,250,-15" hai0="46,47,54,59,62,129,131" hai1="9,12,16,32,33,35,48,56,73,76,81,128,130" /><INIT seed="0,1,1,0,3,57" ten="265,255,235,235" oya="0" hai0="63,84,122,32,105,9,48,94,98,5,81,123,108" hai1="41,25,68,78,18,111,126,65,97,20,29,109,100" hai2="127,36,59,52,74,6,70,53,69,131,1,88,82" hai3="73,61,56,24,134,14,58,87,12,80,119,132,55"/><T135/><D32/><U38/><E126/><V110/><F127/><W93/><G73/><T3/><D48/><U15/><E78/><V128/><F36/><W22/><G119/><T130/><D105/><U47/><E65/><V124/><F124/><W115/><G115/><T35/><D35/><U116/><E68/><V85/><F74/><W121/><G121/><T28/><D28/><U83/><E83/><V26/><F110/><W72/><G72/><T40/><D40/><U60/><E111/><V104/><F104/><W79/><G93/><T62/><D108/><U50/><E50/><V133/><F133/><N who="3" m="51307" /><G58/><T99/><D135/><U67/><E116/><V101/><F101/><W86/><G86/><T45/><D45/><U37/><E67/><V96/><F96/><W23/><G23/><T27/><D27/><U0/><E38/><V16/><F6/><W77/><G77/><T106/><D106/><U19/><E0/><V103/><F1/><W75/><G75/><T107/><D107/><U21/><E19/><AGARI ba="1,1" hai="12,14,19,22,24,55,56,61,79,80,87" m="51307" machi="19" ten="30,2000,0" yaku="20,1,52,1" doraHai="57" who="3" fromWho="1" sc="265,0,255,-23,235,0,235,33" /><INIT seed="1,0,0,2,2,124" ten="265,232,235,268" oya="1" hai0="108,9,82,8,78,41,61,70,121,96,119,47,74" hai1="127,52,64,25,38,88,93,91,48,33,83,71,62" hai2="17,122,51,44,35,75,79,24,90,14,135,28,19" hai3="66,116,115,117,18,32,20,125,112,123,105,59,50"/><U26/><E127/><V81/><F122/><W43/><G125/><T10/><D121/><U97/><E38/><V12/><F135/><W94/><G123/><T36/><D119/><N who="3" m="45641" /><G105/><T6/><D96/><U87/><E33/><V68/><F68/><W5/><G5/><T53/><D108/><U86/><E97/><V92/><F14/><W126/><G126/><T46/><D46/><AGARI ba="0,0" hai="25,26,46,48,52,62,64,71,83,86,87,88,91,93" machi="46" ten="30,5800,0" yaku="7,1,54,2" doraHai="124" who="1" fromWho="0" sc="265,-58,232,58,235,0,268,0" /><INIT seed="1,1,0,5,5,26" ten="207,290,235,268" oya="1" hai0="73,110,44,45,55,18,100,132,111,28,7,101,5" hai1="41,65,79,81,84,40,82,94,58,134,128,23,37" hai2="127,67,15,30,106,112,9,115,56,61,47,60,77" hai3="21,135,92,93,39,63,4,75,35,33,91,22,126"/><U71/><E134/><V48/><F106/><W105/><G75/><T131/><D73/><U130/><E71/><V124/><F77/><W99/><G39/><T64/><D132/><U13/><E65/><V68/><F9/><W57/><G135/><T122/><D64/><U116/><E58/><V42/><F15/><W119/><G119/><T53/><D122/><U74/><E116/><V43/><F30/><W83/><G126/><N who="2" m="48169" /><F60/><W117/><G117/><T11/><D11/><U59/><E94/><V123/><F123/><W51/><G105/><T20/><D20/><U121/><E59/><V49/><F49/><W0/><G83/><T89/><D89/><U24/><E13/><V54/><F68/><W76/><G76/><T108/><D131/><N who="1" m="50219" /><E37/><V29/><F29/><W72/><G72/><T86/><D86/><U118/><E121/><V104/><F104/><W95/><G35/><T16/><D111/><U87/><E118/><V113/><AGARI ba="1,0" hai="42,43,47,48,54,56,61,67,112,113,115" m="48169" machi="113" ten="40,8000,1" yaku="11,1,18,1,34,2" doraHai="26" who="2" fromWho="2" sc="207,-21,290,-41,235,83,268,-21" /><INIT seed="2,0,0,5,0,37" ten="186,249,318,247" oya="2" hai0="46,85,86,52,24,67,54,12,102,16,48,55,126" hai1="133,91,25,69,51,118,32,11,122,2,65,79,134" hai2="0,78,76,89,35,21,19,57,105,127,92,116,87" hai3="96,114,59,33,53,17,73,93,129,84,88,41,124"/><V112/><F105/><W82/><G129/><T15/><D102/><U64/><E118/><V97/><F116/><W107/><G33/><T100/><D100/><U30/><E79/><V132/><F112/><W108/><G108/><T123/><D123/><U28/><E122/><V39/><F39/><W29/><G29/><T34/><D67/><U130/><E28/><V26/><F0/><W72/><G124/><T58/><D126/><U43/><E130/><V7/><F127/><W101/><G114/><T83/><D34/><U27/><E27/><V1/><F132/><N who="1" m="50793" /><E91/><V13/><F97/><W56/><G56/><T113/><D113/><U49/><E49/><V66/><F66/><N who="1" m="25705" /><E51/><V61/><F61/><W90/><G90/><N who="0" m="51519" /><D86/><U36/><E36/><V50/><F50/><W115/><G115/><T18/><D58/><U8/><E69/><V135/><F57/><W70/><G70/><T38/><D38/><U119/><E119/><V75/><F75/><W6/><G6/><T95/><D95/><U20/><E32/><V128/><F128/><W31/><G31/><T68/><D68/><U99/><E99/><V42/><F135/><W120/><G120/><T103/><D103/><U80/><E80/><V9/><F42/><W71/><G71/><T47/><D24/><U106/><E106/><V22/><F22/><W94/><G94/><T121/><D121/><U40/><E2/><V117/><F117/><W104/><G104/><T98/><D98/><U10/><AGARI ba="0,0" hai="8,10,11,20,25,30,40,43" m="25705,50793" machi="10" ten="40,5200,0" yaku="20,1,52,2" doraHai="37" who="1" fromWho="1" sc="186,-13,249,52,318,-26,247,-13" /><INIT seed="3,0,0,0,5,90" ten="173,301,292,234" oya="3" hai0="107,0,67,27,51,98,77,12,128,87,62,49,6" hai1="95,119,20,132,78,47,124,105,97,39,36,13,114" hai2="34,133,40,130,76,54,125,111,1,86,110,96,88" hai3="15,16,63,30,94,14,120,112,101,48,122,59,61"/><W45/><G112/><T17/><D0/><U7/><E114/><V19/><F1/><W52/><G30/><T25/><D6/><U92/><E132/><V72/><F34/><W106/><G106/><T131/><D107/><U93/><E124/><V103/><F125/><W117/><G117/><T129/><D98/><U65/><E119/><V75/><F133/><W56/><G14/><T79/><D51/><U81/><E65/><V64/><F64/><W24/><G24/><T126/><D49/><U26/><E47/><V31/><F31/><W43/><G122/><T109/><D126/><U5/><E36/><V127/><F54/><W28/><G28/><T82/><D109/><N who="2" m="41482" /><F40/><W23/><G120/><T8/><D77/><U38/><E13/><V4/><F4/><W118/><G118/><T57/><D27/><U46/><E46/><V134/><F19/><W73/><G73/><N who="2" m="28233" /><F134/><W70/><G70/><T33/><D33/><U60/><E60/><N who="3" m="23114" /><G43/><T37/><D25/><U10/><E39/><AGARI ba="0,0" hai="8,12,17,37,39,57,62,67,79,82,87,128,129,131" machi="39" ten="40,1300,0" yaku="19,1" doraHai="90" who="0" fromWho="1" sc="173,13,301,-13,292,0,234,0" /><INIT seed="4,0,0,4,0,134" ten="186,288,292,234" oya="0" hai0="1,79,107,121,82,18,27,88,23,135,84,128,120" hai1="41,112,25,11,94,16,0,56,127,110,55,39,100" hai2="97,133,117,50,53,101,104,69,70,111,91,47,4" hai3="80,116,131,124,108,59,36,129,15,95,37,61,130"/><T12/><D1/><U42/><E110/><V99/><F133/><W2/><G2/><T132/><D107/><U57/><E0/><V14/><F111/><W105/><G108/><T13/><D79/><U92/><E112/><V33/><F33/><W60/><G105/><T35/><D35/><U115/><E115/><V86/><F117/><W123/><G116/><T34/><D34/><U32/><E25/><V6/><F99/><W122/><G95/><T38/><D38/><N who="3" m="14953" /><G80/><T51/><D132/><U26/><E26/><V72/><F72/><W24/><G24/><T49/><D135/><U109/><E32/><V10/><REACH who="2" step="1"/><F4/><REACH who="2" ten="186,288,282,234" step="2"/><W17/><G15/><T106/><D106/><U20/><E109/><V96/><F96/><W40/><G40/><T31/><D128/><U54/><E39/><V81/><AGARI ba="0,1" hai="6,10,14,47,50,53,69,70,81,86,91,97,101,104" machi="81" ten="20,2700,0" yaku="1,1,0,1,7,1,53,0" doraHai="134" doraHaiUra="68" who="2" fromWho="2" sc="186,-13,288,-7,282,37,234,-7" owari="173,-33,281,8,319,42,227,-17" /></mjloggm>