<mjloggm ver="2.3"><GO type="9" lobby="3674"/><UN n0="%E3%81%B0%E3%81%A3%E3%81%8F%E3%81%99" n1="%E3%81%B1%E3%81%B5%E3%81%83" n2="%E7%95%99%E8%90%8C" n3="%E3%82%B3%E3%83%BC%E3%82%AE%E3%83%BC%E3%81%95%E3%82%93" dan="6,1,12,0" rate="1441.03,1365.71,1762.37,1500.00" sx="M,M,M,F"/><TAIKYOKU oya="0"/><INIT seed="0,0,0,3,0,86" ten="250,250,250,250" oya="0" hai0="58,30,36,40,4,57,116,10,97,60,0,110,107" hai1="122,88,124,120,91,46,79,73,70,7,93,87,12" hai2="85,130,95,8,128,35,3,67,83,127,100,118,56" hai3="48,2,98,21,134,34,27,61,90,16,131,82,52"/><T113/><D116/><U117/><E117/><V103/><F35/><W17/><G131/><N who="2" m="50217" /><F118/><W76/><G134/><T133/><D133/><U38/><E70/><V14/><F3/><W92/><G34/><T62/><D113/><U125/><E38/><V102/><F127/><N who="1" m="48713" /><E46/><V123/><F123/><N who="1" m="47145" /><E7/><N who="2" m="3359" /><F95/><W94/><G2/><T1/><D110/><U68/><E68/><V49/><F49/><W11/><G11/><T28/><D107/><U108/><E12/><V111/><F111/><W53/><G61/><T109/><D109/><U104/><BYE who="0" /><E108/><V45/><F45/><W47/><G47/><T84/><D84/><U119/><E119/><V71/><F71/><W26/><G26/><T15/><D15/><U50/><E50/><V106/><F106/><W80/><G27/><T121/><D121/><U43/><E43/><V24/><F24/><W96/><G96/><T37/><D37/><U29/><E29/><V78/><F56/><W99/><G76/><T9/><D9/><U126/><N who="1" m="48721" /><U54/><DORA hai="81" /><E54/><V89/><F67/><W63/><G63/><T41/><D41/><U32/><E32/><V51/><F51/><W74/><G74/><T13/><D13/><U64/><E64/><UN n0="%E3%81%B0%E3%81%A3%E3%81%8F%E3%81%99" /><V129/><N who="2" m="50225" /><V65/><DORA hai="101" /><F65/><W114/><G114/><T55/><D55/><U59/><E59/><N who="0" m="22537" /><D97/><N who="1" m="57511" /><E73/><V18/><F18/><W72/><G72/><T75/><D75/><U6/><E6/><V39/><F39/><W66/><G66/><T23/><D23/><U112/><E112/><V22/><F22/><W42/><G42/><T135/><D135/><U5/><E5/><RYUUKYOKU ba="0,0" sc="250,-10,250,-10,250,30,250,-10" hai2="78,83,85,89,100,102,103" /><INIT seed="1,1,0,3,1,111" ten="240,240,280,240" oya="1" hai0="0,131,4,33,122,32,93,102,104,64,100,52,128" hai1="12,109,37,125,41,96,44,34,58,84,59,85,9" hai2="89,67,13,36,27,110,18,70,107,24,73,106,121" hai3="46,56,66,43,63,90,83,47,112,81,91,65,72"/><U11/><E125/><V21/><F36/><W60/><G112/><T30/><D93/><U1/><E109/><V5/><F110/><W71/><G71/><T116/><D116/><U95/><E34/><V94/><F73/><W25/><G72/><T35/><D52/><U78/><E1/><V79/><F121/><W31/><G25/><N who="0" m="18511" /><D64/><U126/><E126/><V119/><F119/><W40/><G31/><T19/><D19/><U115/><E115/><V124/><F124/><W135/><REACH who="3" step="1"/><G135/><REACH who="3" ten="240,240,280,230" step="2"/><T3/><D122/><U108/><E108/><V26/><F70/><W10/><G10/><N who="0" m="2311" /><D3/><U88/><E78/><V20/><F67/><W105/><G105/><T98/><D102/><U103/><E84/><N who="2" m="52519" /><F107/><W51/><G51/><T77/><D77/><U38/><E38/><V132/><F106/><W55/><G55/><T6/><D6/><U114/><E114/><V42/><F132/><W113/><G113/><T130/><AGARI ba="1,1" hai="33,35,98,100,104,128,130,131" m="2311,18511" machi="130" ten="30,2000,0" yaku="19,1,23,1" doraHai="111" who="0" fromWho="0" sc="240,33,240,-11,280,-6,230,-6" /><INIT seed="2,0,0,3,4,31" ten="273,229,274,224" oya="2" hai0="47,76,27,22,6,108,105,21,66,61,1,132,19" hai1="102,64,73,74,58,46,12,42,84,18,39,77,103" hai2="40,95,122,101,35,127,133,111,117,86,44,80,29" hai3="57,7,4,3,121,78,124,82,24,106,10,59,123"/><V8/><F117/><W109/><G106/><T25/><D76/><U16/><E74/><V54/><F122/><W91/><G91/><T60/><D105/><U92/><E73/><V26/><F127/><W116/><G116/><T17/><D47/><U23/><E77/><V98/><F8/><W13/><G24/><T104/><D104/><U119/><E119/><V79/><F133/><W49/><G49/><T71/><D60/><U11/><E64/><V88/><F111/><W75/><G109/><T69/><D108/><U37/><E37/><V93/><F54/><W112/><G121/><T28/><D28/><U14/><E58/><V41/><REACH who="2" step="1"/><F44/><REACH who="2" ten="273,229,264,224" step="2"/><W72/><G72/><AGARI ba="0,1" hai="26,29,35,40,41,72,79,80,86,88,93,95,98,101" machi="72" ten="30,12000,1" yaku="1,1,2,1,7,1,52,1,54,1,53,0" doraHai="31" doraHaiUra="126" who="2" fromWho="3" sc="273,0,229,0,264,130,224,-120" /><INIT seed="2,1,0,1,4,65" ten="273,229,394,104" oya="2" hai0="91,107,80,103,86,21,27,90,55,79,64,60,128" hai1="132,58,92,84,121,31,125,29,52,38,82,115,112" hai2="35,66,75,129,8,126,120,42,47,46,78,54,62" hai3="32,130,67,111,57,7,51,11,25,133,99,40,13"/><V36/><F120/><W89/><G32/><T105/><D105/><U109/><BYE who="0" /><E121/><V127/><F35/><W16/><G111/><T53/><D53/><U10/><E132/><V5/><F129/><W41/><G130/><T17/><D17/><U34/><E109/><V9/><F75/><W72/><G133/><T113/><D113/><UN n0="%E3%81%B0%E3%81%A3%E3%81%8F%E3%81%99" /><U45/><E125/><N who="2" m="47627" /><F78/><W74/><G74/><T85/><D55/><U135/><E135/><V71/><F5/><W61/><G72/><T50/><D50/><AGARI ba="1,0" hai="8,9,36,42,46,47,50,54,62,66,71" m="47627" machi="50" ten="30,2900,0" yaku="18,1,52,1" doraHai="65" who="2" fromWho="0" sc="273,-32,229,0,394,32,104,0" /><INIT seed="2,2,0,2,1,111" ten="241,229,426,104" oya="2" hai0="53,41,81,80,9,4,7,67,30,61,94,62,39" hai1="66,31,114,37,6,99,95,130,93,36,91,109,57" hai2="106,20,85,44,86,84,29,56,132,50,28,88,19" hai3="10,26,112,52,96,35,11,0,113,133,97,126,2"/><V103/><F132/><W123/><G123/><T47/><D94/><U129/><E130/><V46/><F106/><W63/><G133/><T38/><D30/><N who="2" m="11882" /><F103/><W27/><G126/><T69/><D9/><U33/><E129/><V78/><F78/><W42/><G42/><T83/><D53/><U68/><E109/><V25/><F56/><W24/><G35/><T75/><D75/><U105/><E68/><V74/><F74/><W104/><G104/><T101/><D101/><U73/><E114/><V64/><F64/><W107/><G107/><T15/><D15/><U87/><E6/><V43/><F44/><W13/><G13/><T98/><D98/><U16/><E73/><V49/><F49/><W124/><G124/><T121/><D121/><U76/><E105/><V23/><F23/><W92/><G63/><T40/><REACH who="0" step="1"/><D62/><REACH who="0" ten="231,229,426,104" step="2"/><U120/><E120/><V90/><AGARI ba="2,1" hai="19,20,25,43,46,50,84,85,86,88,90" m="11882" machi="90" ten="30,3000,0" yaku="8,1,54,1" doraHai="111" who="2" fromWho="2" sc="231,-12,229,-12,426,46,104,-12" /><INIT seed="2,3,0,0,5,39" ten="219,217,472,92" oya="2" hai0="30,59,21,29,124,130,46,112,60,131,73,45,86" hai1="16,83,100,63,119,64,13,134,48,42,9,35,84" hai2="101,93,41,125,66,88,110,108,133,114,11,34,99" hai3="74,109,51,96,120,15,6,89,70,32,0,122,1"/><V91/><F34/><W19/><G70/><T75/><D86/><U52/><E119/><V103/><F114/><W36/><G120/><T113/><D21/><U24/><E134/><V111/><F133/><W82/><G109/><T22/><D22/><U47/><E100/><N who="2" m="38475" /><F66/><W37/><G122/><T106/><D106/><U71/><E35/><V128/><F11/><W78/><G32/><T33/><D124/><U3/><E3/><V5/><F125/><W67/><G67/><T26/><D33/><U10/><E24/><V61/><F61/><W17/><G51/><T57/><REACH who="0" step="1"/><D60/><REACH who="0" ten="209,217,472,92" step="2"/><U90/><REACH who="1" step="1"/><E9/><REACH who="1" ten="209,207,472,92" step="2"/><V135/><F135/><W132/><G132/><T38/><D38/><U69/><E69/><V54/><F111/><W68/><G68/><T77/><D77/><U123/><E123/><V116/><F110/><W49/><G49/><T127/><D127/><U55/><AGARI ba="3,2" hai="10,13,16,42,47,48,52,55,63,64,71,83,84,90" machi="55" ten="30,12000,2" yaku="1,1,0,1,52,1,54,2,53,1" doraHai="39" doraHaiUra="43" who="1" fromWho="1" sc="209,-33,207,149,472,-63,92,-33" /><INIT seed="3,0,0,0,3,98" ten="176,356,409,59" oya="3" hai0="104,53,66,30,19,54,97,100,75,59,12,61,123" hai1="129,46,60,16,92,135,93,128,51,125,78,72,64" hai2="96,17,74,25,2,65,89,32,62,43,130,21,28" hai3="84,67,111,112,7,118,82,5,52,76,94,116,71"/><W81/><G112/><T99/><D123/><U127/><E72/><V55/><F74/><W105/><G105/><T73/><D30/><U91/><E78/><V26/><F43/><W49/><G71/><T63/><D63/><U34/><E34/><V40/><F40/><W134/><G67/><T36/><D36/><U90/><E16/><V107/><F2/><W126/><G126/><N who="1" m="48138" /><E60/><V18/><F130/><N who="1" m="50281" /><E64/><V56/><F65/><W77/><G134/><T88/><D88/><N who="1" m="33835" /><E51/><V38/><F38/><W68/><G68/><T47/><D47/><U86/><E86/><V20/><F107/><W95/><G111/><T122/><D122/><U103/><E46/><V24/><REACH who="2" step="1"/><F89/><REACH who="2" ten="176,356,399,59" step="2"/><W10/><G10/><N who="0" m="6551" /><D73/><U114/><E114/><V106/><F106/><W133/><G133/><T3/><D3/><U13/><E13/><V50/><F50/><W15/><G15/><T39/><D39/><U102/><E135/><V1/><F1/><W131/><G131/><T115/><D115/><U44/><E44/><V42/><F42/><W31/><G31/><T41/><D41/><U70/><E70/><V48/><F48/><W0/><G0/><T23/><D23/><U117/><E117/><V120/><F120/><W83/><G49/><T124/><D124/><U4/><E4/><V121/><F121/><W113/><G113/><T14/><D14/><U57/><E57/><V80/><F80/><W45/><G45/><T33/><D33/><U85/><E85/><V27/><F27/><W79/><G52/><T37/><D104/><U35/><E35/><V22/><F22/><W108/><G108/><RYUUKYOKU ba="0,1" sc="176,-15,356,15,399,15,59,-15" hai1="92,93,102,103" hai2="17,18,20,21,24,25,26,28,32,55,56,62,96" /><INIT seed="4,1,1,2,5,49" ten="161,371,414,44" oya="0" hai0="132,34,43,59,29,52,50,84,62,2,115,47,0" hai1="22,33,129,40,83,16,108,96,114,121,41,68,75" hai2="71,118,53,64,122,27,99,21,19,38,24,76,97" hai3="100,23,104,26,131,15,70,55,95,6,93,80,35"/><T32/><D84/><U11/><E108/><V61/><F76/><W111/><G111/><T9/><D29/><U60/><E121/><V8/><F38/><W18/><G131/><T110/><D110/><U58/><E129/><V14/><F122/><W12/><G104/><T88/><D88/><U92/><E33/><V37/><F37/><W66/><G35/><T94/><D94/><U74/><E68/><V28/><F118/><W135/><G135/><T42/><D132/><U79/><E75/><V130/><F130/><W112/><G70/><T1/><D9/><U78/><E114/><V90/><F27/><W103/><G112/><T81/><D115/><U101/><E79/><V73/><F73/><W13/><G80/><T82/><REACH who="0" step="1"/><D42/><REACH who="0" ten="151,371,414,44" step="2"/><U91/><E11/><V44/><F90/><W67/><G55/><T116/><D116/><U20/><E20/><V10/><F10/><W31/><G6/><T65/><D65/><U89/><E40/><V30/><F30/><W106/><G106/><T124/><D124/><U39/><E41/><V86/><F86/><W72/><G72/><T45/><D45/><U128/><E128/><V3/><F3/><W63/><G63/><T46/><D46/><U105/><E39/><V127/><F127/><W107/><G107/><T123/><D123/><U25/><REACH who="1" step="1"/><E105/><REACH who="1" ten="151,361,414,44" step="2"/><V5/><F5/><W4/><G4/><T133/><D133/><U125/><E125/><V113/><F113/><W102/><REACH who="3" step="1"/><G18/><REACH who="3" ten="151,361,414,34" step="2"/><T109/><D109/><U7/><E7/><V17/><F17/><W85/><G85/><T117/><D117/><U87/><E87/><RYUUKYOKU ba="1,4" sc="151,0,361,0,414,0,34,0" hai0="0,1,2,32,34,43,47,50,52,59,62,81,82" hai1="16,22,25,58,60,74,78,83,89,91,92,96,101" hai2="8,14,19,21,24,28,44,53,61,64,71,97,99" hai3="12,13,15,23,26,31,66,67,93,95,100,102,103" /><INIT seed="4,2,4,4,2,11" ten="151,361,414,34" oya="0" hai0="117,81,4,38,89,109,61,74,43,119,36,56,37" hai1="121,98,69,26,31,44,106,115,102,95,58,48,45" hai2="27,33,90,100,125,128,108,127,64,122,32,47,20" hai3="8,15,9,66,78,65,91,12,130,17,97,2,30"/><T82/><D119/><U101/><E121/><V62/><F122/><W41/><G130/><T99/><D117/><U13/><E115/><V25/><F100/><W83/><G2/><T110/><D4/><U135/><E135/><V92/><F47/><W94/><G41/><T73/><D43/><U131/><E131/><V59/><F108/><N who="0" m="41578" /><D99/><U7/><E69/><V53/><F128/><W39/><G39/><N who="0" m="9987" /><T80/><DORA hai="93" /><D89/><U28/><E44/><V21/><F64/><AGARI ba="2,4" hai="56,61,64,73,74,80,81,82" m="9987,41578" machi="64" ten="50,2400,0" yaku="10,1" doraHai="11,93" who="0" fromWho="2" sc="151,70,361,0,414,-30,34,0" /><INIT seed="4,3,0,5,2,123" ten="221,361,384,34" oya="0" hai0="35,113,9,41,52,91,117,62,27,70,111,49,104" hai1="102,95,45,42,16,26,98,57,74,69,0,133,99" hai2="89,100,119,58,129,103,19,25,73,101,64,85,38" hai3="93,63,22,60,135,61,128,55,77,87,126,94,53"/><T68/><D104/><U1/><E133/><V21/><F38/><W5/><G135/><T106/><D106/><U134/><E69/><V132/><F132/><W32/><G126/><T4/><D117/><U28/><E134/><V43/><F43/><W37/><G37/><T75/><D75/><U66/><E74/><V72/><F119/><W31/><G128/><T105/><D105/><U121/><E121/><V33/><F33/><W120/><G32/><T2/><D91/><U92/><E16/><V83/><F129/><W54/><G120/><T76/><D111/><U71/><E71/><V67/><REACH who="2" step="1"/><F58/><REACH who="2" ten="221,361,374,34" step="2"/><W78/><G87/><T47/><D113/><U15/><E15/><V39/><F39/><W51/><G5/><T130/><D76/><U20/><E42/><V96/><F96/><W12/><G12/><T118/><D118/><U65/><E45/><V127/><F127/><W29/><G22/><T90/><D90/><N who="1" m="55575" /><E65/><AGARI ba="3,1" hai="19,21,25,64,65,67,72,73,83,85,89,100,101,103" machi="65" ten="40,1300,0" yaku="1,1,53,0" doraHai="123" doraHaiUra="34" who="2" fromWho="1" sc="221,0,361,-22,374,32,34,0" /><INIT seed="5,0,0,3,5,111" ten="221,339,406,34" oya="1" hai0="40,72,85,58,39,83,12,35,8,104,45,5,23" hai1="25,132,96,37,133,1,97,119,52,131,54,134,79" hai2="6,87,19,78,7,76,106,0,120,129,20,102,46" hai3="43,41,125,93,68,60,98,128,10,56,51,110,67"/><U123/><E1/><V33/><F120/><W59/><G110/><T94/><D58/><U34/><E119/><V77/><F33/><W90/><G10/><T55/><D55/><N who="1" m="21035" /><E123/><V69/><F69/><W82/><G128/><T99/><D35/><U62/><E131/><V26/><F129/><W22/><G125/><T29/><D104/><U44/><E79/><V100/><F46/><W30/><G22/><T124/><D124/><U42/><E62/><V63/><F63/><W117/><G117/><T32/><D32/><U65/><BYE who="0" /><E65/><V31/><F106/><UN n0="%E3%81%B0%E3%81%A3%E3%81%8F%E3%81%99" /><W14/><G30/><AGARI ba="0,0" hai="25,30,34,37,42,44,96,97,132,133,134" m="21035" machi="30" ten="40,3900,0" yaku="20,1,54,1" doraHai="111" who="1" fromWho="3" sc="221,0,339,39,406,0,34,-39" owari="221,-18,378,18,406,51,-5,-51" /></mjloggm>