<mjloggm ver="2.3"><GO type="137" lobby="0"/><UN n0="%E3%81%AF%E3%81%AA%E3%81%93%E5%A7%AB" n1="%E7%95%99%E8%90%8C" n2="%E9%9D%92%E5%A4%AA%E9%83%8E" n3="%E7%A5%9E%E7%84%A1%E6%9C%A8%E6%A0%9E" dan="12,12,12,13" rate="1709.16,1742.10,1827.92,1784.34" sx="F,M,M,F"/><TAIKYOKU oya="0"/><INIT seed="0,0,0,5,1,58" ten="250,250,250,250" oya="0" hai0="34,77,46,67,129,39,73,95,12,41,85,79,86" hai1="125,81,120,68,106,119,31,75,45,100,17,109,24" hai2="18,130,42,92,110,30,44,0,61,89,20,15,7" hai3="53,111,102,33,78,14,123,127,4,133,117,62,25"/><T27/><D129/><U107/><E119/><V71/><F130/><W28/><G111/><T16/><D73/><U124/><E120/><V82/><F82/><W59/><G133/><T8/><D34/><U43/><E68/><V135/><F135/><W87/><G127/><N who="1" m="48714" /><E17/><V35/><F110/><W94/><G117/><T19/><D67/><U112/><E109/><V56/><F71/><W93/><G102/><T26/><D19/><U37/><E112/><V22/><F0/><W63/><G123/><T128/><D128/><U115/><E115/><V98/><F7/><W132/><G132/><T11/><D11/><U103/><E75/><V114/><F30/><W40/><G40/><T134/><D134/><U3/><E81/><V105/><F35/><W50/><G78/><T9/><D9/><U48/><E3/><V126/><F105/><N who="1" m="39945" /><E37/><V29/><F126/><W54/><G87/><T47/><D47/><U64/><E64/><V51/><F114/><W57/><G50/><T55/><D55/><U66/><E66/><N who="2" m="39207" /><F29/><W1/><G1/><T97/><D79/><U2/><E2/><V108/><F108/><W23/><G33/><AGARI ba="0,0" hai="24,31,33,43,45,48,100,103" m="39945,48714" machi="33" ten="30,1000,0" yaku="18,1" doraHai="58" who="1" fromWho="3" sc="250,0,250,10,250,0,250,-10" /><INIT seed="1,0,0,3,5,10" ten="250,260,250,240" oya="1" hai0="130,36,63,118,28,55,40,57,66,37,81,84,87" hai1="39,20,6,122,115,54,49,30,116,95,77,7,126" hai2="17,32,25,93,62,117,45,60,110,26,125,71,72" hai3="85,128,78,106,12,27,75,89,14,61,56,92,101"/><U68/><E68/><V51/><F72/><W24/><G128/><T48/><D118/><U67/><E39/><V69/><F117/><W23/><G27/><T22/><D130/><U98/><E116/><V105/><F125/><W19/><G101/><T65/><D87/><U31/><E122/><V70/><F105/><W99/><G106/><T52/><D28/><N who="1" m="10795" /><E115/><V3/><F32/><W44/><G44/><N who="0" m="25607" /><D22/><U1/><E126/><V96/><F3/><W11/><G11/><T9/><D9/><U104/><E104/><V13/><F26/><W64/><G75/><T129/><D129/><U131/><E67/><N who="0" m="25609" /><D84/><U42/><E131/><V112/><F25/><W134/><G134/><T100/><D81/><AGARI ba="0,0" hai="12,14,19,23,24,56,61,64,78,81,85,89,92,99" machi="81" ten="40,5200,0" yaku="8,1,52,2" doraHai="10" who="3" fromWho="0" sc="250,-52,260,0,250,0,240,52" /><INIT seed="2,0,0,5,1,98" ten="198,260,250,292" oya="2" hai0="96,1,38,106,34,37,55,15,18,22,25,52,31" hai1="84,87,131,130,57,133,132,3,39,77,47,100,124" hai2="46,123,36,11,42,92,62,23,102,32,35,116,129" hai3="78,89,120,56,70,61,7,125,82,76,29,64,33"/><V90/><F123/><W80/><G125/><T110/><D110/><U40/><E3/><V27/><F116/><W51/><G29/><T103/><REACH who="0" step="1"/><D1/><REACH who="0" ten="188,260,250,292" step="2"/><U71/><E124/><V17/><F35/><W94/><G120/><T67/><D67/><U19/><E71/><V53/><F32/><W118/><G33/><T128/><D128/><N who="1" m="49195" /><E57/><V13/><F129/><W28/><G118/><T107/><D107/><U2/><E2/><V127/><F127/><W59/><G70/><T66/><D66/><U119/><E119/><V4/><F62/><W60/><G51/><T109/><D109/><U111/><E111/><V20/><F53/><AGARI ba="0,1" hai="15,18,22,25,31,34,37,38,52,53,55,96,103,106" machi="53" ten="40,5200,0" yaku="1,1,52,1,54,1,53,0" doraHai="98" doraHaiUra="44" who="0" fromWho="2" sc="188,62,260,0,250,-52,292,0" /><INIT seed="3,0,0,3,2,27" ten="250,260,198,292" oya="3" hai0="68,28,22,2,84,60,32,105,26,77,125,23,67" hai1="50,83,104,103,61,25,98,3,80,47,33,39,85" hai2="11,107,56,79,29,48,127,64,35,5,102,129,13" hai3="66,87,15,49,52,17,124,111,20,1,62,24,8"/><W57/><G124/><T114/><D2/><U91/><E3/><V14/><F127/><W119/><G1/><T54/><D125/><U76/><E39/><V10/><F129/><W63/><G111/><T115/><D54/><U43/><E61/><V97/><F79/><W45/><G119/><T53/><D53/><U37/><E37/><V118/><F118/><W131/><G131/><T128/><D128/><U134/><E134/><V72/><F72/><W65/><G87/><T78/><D105/><U122/><E122/><V36/><F36/><W7/><REACH who="3" step="1"/><G62/><REACH who="3" ten="250,260,198,282" step="2"/><T42/><D84/><U81/><REACH who="1" step="1"/><E76/><REACH who="1" ten="250,250,198,282" step="2"/><V71/><F71/><W6/><G6/><T101/><D77/><U110/><E110/><V120/><F120/><W9/><G9/><T59/><D78/><U34/><E34/><V30/><F35/><W93/><G93/><T95/><D32/><U130/><E130/><V117/><F117/><W44/><G44/><T46/><D22/><U108/><E108/><V100/><F107/><W38/><G38/><T94/><D68/><U132/><E132/><V69/><F69/><W106/><G106/><T70/><D70/><U82/><E82/><V113/><F5/><W86/><G86/><T121/><D121/><U12/><E12/><V109/><F109/><W116/><G116/><T40/><D95/><U4/><E4/><V18/><F10/><W89/><G89/><T135/><D135/><U58/><E58/><V88/><F56/><W112/><G112/><N who="0" m="43051" /><D46/><U75/><E75/><V73/><F73/><W0/><G0/><T31/><D31/><AGARI ba="0,2" hai="25,31,33,43,47,50,80,81,83,85,91,98,103,104" machi="31" ten="40,2600,0" yaku="1,1,52,1,53,0" doraHai="27" doraHaiUra="51" who="1" fromWho="0" sc="250,-26,250,46,198,0,282,0" /><INIT seed="4,0,0,3,4,112" ten="224,296,198,282" oya="0" hai0="115,70,122,118,25,47,103,36,90,93,116,128,43" hai1="64,35,125,53,73,67,62,121,75,31,26,96,32" hai2="60,38,83,19,99,23,133,15,72,0,78,37,84" hai3="65,17,66,57,135,86,120,12,6,4,98,102,106"/><T61/><D122/><U59/><E121/><V20/><F133/><W76/><G135/><T30/><D115/><U101/><E125/><V114/><F114/><W5/><G120/><T77/><D128/><U7/><E7/><V49/><F0/><W63/><G76/><T97/><D77/><U48/><E35/><V68/><F72/><W131/><G131/><T28/><D28/><U107/><REACH who="1" step="1"/><E67/><REACH who="1" ten="224,286,198,282" step="2"/><V51/><F38/><W27/><G66/><T22/><D70/><AGARI ba="0,1" hai="26,31,32,48,53,59,62,64,70,73,75,96,101,107" machi="70" ten="30,12000,2" yaku="1,1,2,1,7,1,25,2,53,1" doraHai="112" doraHaiUra="94" who="1" fromWho="0" sc="224,-120,286,130,198,0,282,0" /><INIT seed="5,0,0,5,1,81" ten="104,416,198,282" oya="1" hai0="114,65,132,129,32,98,39,33,115,60,18,20,54" hai1="30,74,86,109,84,45,116,48,64,37,8,12,1" hai2="62,111,113,99,40,110,25,17,50,90,77,29,73" hai3="14,108,59,68,23,89,31,75,44,103,52,94,105"/><U4/><E74/><V51/><F113/><W93/><G75/><T91/><D39/><U133/><E116/><V5/><F5/><W101/><G68/><T46/><D132/><U118/><E118/><V88/><F17/><W119/><G108/><T7/><D129/><U49/><E133/><V121/><F62/><W134/><G105/><T100/><D91/><U126/><E64/><V69/><F69/><W19/><G44/><T3/><D7/><U36/><E30/><V34/><F121/><W56/><G134/><T122/><D122/><U26/><E26/><V79/><F73/><W55/><G31/><T128/><D128/><U96/><E96/><V22/><F34/><W70/><G70/><T117/><D3/><U43/><E109/><V16/><F29/><W123/><G94/><T78/><D78/><U0/><E126/><V107/><F107/><W104/><G104/><T2/><D2/><U41/><E86/><V95/><F111/><W135/><G123/><T76/><D76/><N who="2" m="29258" /><F110/><W35/><G35/><T21/><D117/><U125/><E84/><N who="2" m="52615" /><F40/><W67/><G67/><T53/><D46/><U120/><E125/><V131/><F131/><W47/><G47/><T71/><D32/><U130/><E130/><V92/><AGARI ba="0,0" hai="16,22,25,50,51,90,92,99" m="52615,29258" machi="92" ten="30,7900,0" yaku="8,1,52,1,54,2" doraHai="81" who="2" fromWho="2" sc="104,-20,416,-39,198,79,282,-20" /><INIT seed="6,0,0,2,2,98" ten="84,377,277,262" oya="2" hai0="26,39,114,25,37,99,123,96,64,60,133,33,30" hai1="4,109,117,116,134,76,77,84,7,47,92,91,86" hai2="111,65,44,125,124,115,3,113,103,21,28,101,126" hai3="127,67,108,0,79,49,71,63,100,17,9,118,35"/><V75/><F75/><W31/><G108/><T58/><D123/><U94/><E109/><V70/><F3/><W53/><G127/><T46/><D133/><U131/><E134/><V87/><F44/><W81/><G31/><T51/><D114/><N who="2" m="43530" /><F111/><W22/><G35/><T56/><D25/><U68/><E68/><V50/><F50/><W34/><G34/><T11/><D58/><U128/><E47/><V29/><F87/><W52/><G9/><T95/><D96/><U132/><E132/><V120/><F120/><W43/><G0/><T62/><D11/><U130/><E91/><V106/><F106/><W129/><G129/><T66/><D62/><U38/><REACH who="1" step="1"/><E131/><REACH who="1" ten="84,367,277,262" step="2"/><V72/><F72/><W83/><G118/><T20/><D64/><U45/><E45/><V73/><F73/><W97/><G71/><T80/><D33/><U18/><E18/><V112/><F112/><W69/><G69/><T15/><D80/><U78/><E78/><V6/><F6/><W27/><G67/><T24/><D15/><U1/><E1/><V10/><F70/><W14/><G79/><T105/><D26/><U59/><E59/><V135/><F65/><W57/><G27/><T88/><D105/><U54/><E54/><AGARI ba="0,1" hai="20,24,30,37,39,46,51,54,56,60,66,88,95,99" machi="54" ten="30,2000,0" yaku="7,1,54,1" doraHai="98" who="0" fromWho="1" sc="84,30,367,-20,277,0,262,0" /><INIT seed="7,0,0,3,0,100" ten="114,347,277,262" oya="3" hai0="70,89,118,27,127,15,12,114,120,117,107,48,36" hai1="134,129,59,40,24,99,103,50,2,9,65,31,79" hai2="122,121,85,46,6,33,91,72,125,76,80,86,17" hai3="5,3,1,113,7,131,52,104,32,57,55,64,102"/><W116/><G32/><T97/><D70/><U90/><E79/><V83/><F33/><W84/><G116/><T109/><D36/><U0/><E40/><V16/><F6/><W67/><G113/><T60/><D109/><U66/><E50/><V92/><F46/><W82/><G131/><T75/><D114/><U119/><E119/><V94/><F125/><W98/><G55/><T25/><D75/><U21/><E129/><V69/><F69/><W47/><G47/><T35/><D120/><N who="2" m="46186" /><F17/><W34/><G34/><T14/><D127/><U93/><E134/><V101/><F16/><W29/><G29/><T106/><D48/><U18/><E90/><V77/><F94/><W115/><G115/><T38/><D60/><N who="1" m="38047" /><E66/><V41/><F41/><W19/><G19/><T74/><D74/><U71/><E71/><V54/><F54/><W112/><G112/><T62/><D62/><U39/><E39/><V87/><F77/><W78/><G3/><T128/><D38/><U44/><E44/><V81/><F81/><W61/><REACH who="3" step="1"/><G1/><REACH who="3" ten="114,347,277,252" step="2"/><T8/><D128/><U43/><E43/><V123/><F123/><W30/><G30/><N who="0" m="19919" /><D8/><U126/><E126/><V4/><F4/><AGARI ba="0,1" hai="4,5,7,52,57,61,64,67,78,82,84,98,102,104" machi="4" ten="40,12000,1" yaku="1,1,52,1,54,1,53,1" doraHai="100" doraHaiUra="73" who="3" fromWho="2" sc="114,0,347,0,277,-120,252,130" owari="114,-39,347,15,157,-24,382,48" /></mjloggm>