<mjloggm ver="2.3"><GO type="137" lobby="0"/><UN n0="%E3%81%94%E3%81%BE%E5%92%8C%E3%81%88%E5%AD%90" n1="%E7%95%99%E8%90%8C" n2="%E3%82%B5%E3%82%B3%E3%83%AD%E3%83%B3" n3="%E5%B0%96%E5%9C%AD%E3%82%B3%E3%83%B3%E3%82%B8%E3%83%AD%E3%83%BC%E3%83%9E" dan="11,12,12,12" rate="1759.62,1765.14,1661.13,1803.73" sx="F,M,M,M"/><TAIKYOKU oya="0"/><INIT seed="0,0,0,3,1,121" ten="250,250,250,250" oya="0" hai0="92,117,128,43,73,52,40,99,64,101,80,115,87" hai1="124,19,46,94,1,109,25,100,113,10,82,88,126" hai2="85,59,70,108,20,39,72,42,6,118,61,120,33" hai3="24,22,129,15,14,77,53,56,48,26,57,123,30"/><T37/><D117/><U133/><E113/><V23/><F118/><W27/><G129/><T112/><D64/><U4/><E46/><V17/><F120/><W90/><G77/><T107/><D128/><U105/><E105/><V125/><F70/><W91/><G123/><T60/><D37/><U35/><E100/><V51/><F33/><W16/><G14/><T5/><D5/><U49/><E49/><V28/><F72/><W98/><G57/><N who="0" m="34855" /><D115/><U7/><E7/><V131/><F131/><W68/><G68/><T116/><D112/><U114/><E114/><V58/><F39/><W122/><G122/><T44/><D44/><U62/><E62/><V31/><F6/><W38/><G38/><T9/><D9/><U34/><E82/><V50/><F61/><W29/><G98/><T97/><D97/><U71/><E71/><V102/><F102/><W8/><G8/><T32/><D32/><U103/><E103/><V69/><F69/><W18/><G18/><T84/><D84/><U41/><E41/><V55/><F85/><W89/><AGARI ba="0,0" hai="15,16,22,24,26,27,29,30,48,53,56,89,90,91" machi="89" ten="30,4000,0" yaku="0,1,8,1,54,1" doraHai="121" who="3" fromWho="3" sc="250,-20,250,-10,250,-10,250,40" /><INIT seed="1,0,0,1,2,42" ten="230,240,240,290" oya="1" hai0="84,91,97,32,104,74,119,71,130,133,9,110,13" hai1="72,8,98,103,24,113,26,18,134,50,107,53,78" hai2="29,62,39,128,10,82,92,55,1,5,106,123,93" hai3="6,7,85,59,70,0,88,117,120,121,81,65,109"/><U90/><E113/><V80/><F123/><W16/><G70/><T47/><D71/><U83/><E134/><V135/><F135/><W118/><G109/><T54/><D32/><U23/><E8/><V48/><F39/><W57/><G0/><T129/><D74/><U19/><E90/><V63/><F106/><W116/><G121/><T122/><D122/><U17/><REACH who="1" step="1"/><E24/><REACH who="1" ten="230,230,240,290" step="2"/><V99/><F10/><W115/><G115/><T56/><D133/><U132/><E132/><V30/><F128/><W31/><G120/><T96/><D129/><U28/><E28/><V94/><F29/><W64/><G31/><T21/><D130/><U52/><E52/><V66/><F30/><W73/><G65/><T105/><D54/><U20/><E20/><V76/><F66/><W101/><G64/><T114/><D21/><U43/><E43/><V11/><F11/><W35/><G35/><T51/><D9/><U27/><E27/><V41/><F41/><W45/><G118/><T61/><D119/><U14/><E14/><V4/><F1/><W15/><G117/><T60/><D13/><U95/><E95/><V3/><F3/><W79/><G116/><T126/><D114/><U86/><E86/><V108/><F99/><W112/><G112/><T37/><D97/><U58/><AGARI ba="0,1" hai="17,18,19,23,26,50,53,58,72,78,83,98,103,107" machi="58" ten="20,3900,0" yaku="1,1,0,1,7,1,53,0" doraHai="42" doraHaiUra="89" who="1" fromWho="1" sc="230,-13,230,49,240,-13,290,-13" /><INIT seed="1,1,0,2,4,102" ten="217,279,227,277" oya="1" hai0="62,33,19,24,72,30,69,110,88,43,119,61,121" hai1="107,118,96,82,99,70,131,133,123,76,108,48,93" hai2="100,36,50,22,90,77,73,25,75,65,86,10,13" hai3="40,26,54,42,92,106,9,56,129,120,60,18,49"/><U3/><E123/><V101/><F36/><W89/><G120/><T78/><D119/><U117/><E3/><V44/><F65/><W32/><G129/><T66/><D121/><U134/><E70/><V87/><F73/><W23/><G32/><T68/><D43/><U39/><E39/><V125/><F75/><W124/><G124/><T63/><D110/><U0/><E0/><V113/><F125/><W6/><G106/><T34/><D78/><U27/><E27/><V1/><F1/><W35/><G35/><T2/><D72/><N who="1" m="43271" /><E48/><V111/><F111/><W46/><G9/><T45/><D45/><U74/><E74/><V103/><F77/><W85/><REACH who="3" step="1"/><G6/><REACH who="3" ten="217,279,227,267" step="2"/><T98/><D34/><U37/><E131/><V127/><F127/><W28/><G28/><T53/><D33/><U20/><E20/><V41/><F113/><W21/><G21/><T16/><D30/><U17/><E17/><V105/><F105/><W132/><G132/><N who="1" m="50794" /><E108/><V67/><F22/><W135/><G135/><T7/><D16/><U116/><E37/><V57/><F10/><W97/><G97/><N who="1" m="37450" /><E107/><V79/><F13/><W95/><G95/><AGARI ba="1,1" hai="93,95,116,117,118" m="37450,50794,43271" machi="95" ten="40,7700,0" yaku="20,1,34,2" doraHai="102" who="1" fromWho="3" sc="217,0,279,90,227,0,267,-80" /><INIT seed="1,2,0,5,5,130" ten="217,369,227,187" oya="1" hai0="17,16,63,84,124,113,37,21,4,12,28,7,10" hai1="26,70,29,123,46,20,81,11,62,23,22,98,99" hai2="106,65,94,6,32,42,132,67,41,131,27,83,77" hai3="120,90,44,35,133,129,73,2,48,71,36,104,135"/><U56/><E123/><V107/><F6/><W112/><G2/><T127/><D37/><U34/><E11/><V103/><F94/><W100/><G35/><T91/><D63/><U31/><E46/><V24/><F103/><W50/><G71/><T68/><D68/><U39/><E39/><V51/><F51/><W59/><G129/><T19/><D113/><U125/><E70/><V1/><F83/><W79/><G112/><T33/><D33/><U57/><E81/><V121/><F32/><W49/><G120/><T93/><D4/><U82/><E82/><V15/><F15/><W134/><G73/><T40/><D40/><U45/><E125/><N who="0" m="48201" /><D28/><N who="1" m="10827" /><E34/><V102/><F102/><W74/><G36/><T119/><D119/><U75/><E75/><V30/><F30/><W9/><G9/><T54/><D54/><N who="1" m="34071" /><E45/><V105/><F106/><W115/><G115/><T87/><D87/><U86/><E57/><V14/><F77/><W85/><G74/><T116/><D116/><U3/><E3/><AGARI ba="2,0" hai="3,7,10,12,16,17,19,21,84,91,93" m="48201" machi="3" ten="30,2000,0" yaku="18,1,54,1" doraHai="130" who="0" fromWho="1" sc="217,26,369,-26,227,0,187,0" /><INIT seed="2,0,0,3,4,78" ten="243,343,227,187" oya="2" hai0="108,57,24,32,119,95,94,50,68,9,82,43,69" hai1="99,40,67,81,75,2,11,7,62,1,74,90,123" hai2="16,132,104,17,109,21,70,96,5,12,72,77,3" hai3="49,42,36,101,47,135,76,88,28,79,107,124,112"/><V92/><F70/><W52/><G135/><T6/><D108/><U55/><E40/><V34/><F104/><W44/><G124/><T4/><D4/><U111/><E111/><V129/><F34/><W126/><G126/><T110/><D119/><U64/><E123/><V118/><F109/><W30/><G101/><T15/><D69/><U93/><E1/><V53/><F118/><W131/><G131/><T45/><D68/><U116/><E116/><V87/><F129/><W51/><G107/><T97/><D97/><U19/><E19/><V61/><F72/><W41/><G76/><T120/><D120/><U125/><E125/><V65/><F5/><W106/><G79/><T13/><D13/><U8/><E8/><V38/><F3/><W0/><G106/><T102/><D102/><U56/><REACH who="1" step="1"/><E81/><REACH who="1" ten="243,333,227,187" step="2"/><N who="2" m="47535" /><F132/><W22/><G0/><T86/><D110/><U84/><E84/><V33/><F33/><W39/><G112/><T20/><D32/><U128/><E128/><V59/><F38/><W63/><G39/><T121/><D121/><U46/><E46/><V71/><F71/><W66/><G36/><T113/><D113/><U105/><E105/><V23/><F17/><W133/><G133/><T29/><D57/><U114/><E114/><V91/><F65/><AGARI ba="0,1" hai="2,7,11,55,56,62,64,65,67,74,75,90,93,99" machi="65" ten="40,1300,0" yaku="1,1,53,0" doraHai="78" doraHaiUra="73" who="1" fromWho="2" sc="243,0,333,23,227,-13,187,0" /><INIT seed="3,0,0,3,5,128" ten="243,356,214,187" oya="3" hai0="29,125,35,59,13,122,11,84,131,65,69,78,41" hai1="12,132,98,47,106,18,115,5,93,107,17,117,97" hai2="86,55,27,8,133,76,94,21,111,74,22,71,15" hai3="121,92,49,25,36,73,119,1,7,53,24,104,63"/><W3/><G119/><T135/><D122/><U102/><E115/><V105/><F71/><W40/><G104/><T30/><D69/><U58/><E117/><V19/><F105/><W4/><G73/><T87/><D41/><U112/><E112/><V120/><F111/><W80/><G80/><T72/><D72/><U32/><E32/><V101/><F74/><W23/><G63/><T99/><D35/><U64/><E47/><V100/><F120/><W28/><G121/><T118/><D99/><U116/><E116/><V110/><F110/><W48/><G36/><T66/><D78/><U95/><E132/><V124/><F124/><W91/><G1/><T14/><D125/><U42/><E42/><V61/><F22/><W127/><G3/><T51/><D131/><U16/><E5/><V85/><F86/><N who="3" m="52343" /><G127/><T57/><D118/><U6/><E6/><V9/><F9/><W62/><G25/><T44/><D44/><U2/><E2/><V45/><F61/><W126/><G126/><T68/><D68/><U54/><E64/><V113/><F113/><W43/><G43/><T89/><D51/><N who="3" m="19529" /><G40/><T33/><D33/><U88/><REACH who="1" step="1"/><E12/><REACH who="1" ten="243,346,214,187" step="2"/><V39/><F15/><W114/><G114/><T31/><D13/><U52/><E52/><V46/><F55/><W70/><G70/><T38/><D14/><U83/><E83/><V103/><F8/><W123/><G123/><T96/><D11/><U79/><E79/><V67/><F67/><W134/><G134/><T130/><D65/><U60/><AGARI ba="0,1" hai="16,17,18,54,58,60,88,93,95,97,98,102,106,107" machi="60" ten="30,7900,0" yaku="1,1,0,1,54,2,53,0" doraHai="128" doraHaiUra="26" who="1" fromWho="1" sc="243,-20,346,89,214,-20,187,-39" /><INIT seed="4,0,0,3,4,16" ten="223,435,194,148" oya="0" hai0="88,14,84,83,121,122,107,76,71,1,6,106,101" hai1="43,15,64,61,69,60,31,49,99,3,0,125,109" hai2="4,13,105,98,53,67,102,57,8,27,55,11,21" hai3="56,34,38,50,118,44,74,124,9,35,5,97,110"/><T22/><D71/><U115/><E109/><V12/><F67/><W126/><G110/><T87/><D1/><U78/><E78/><V24/><F27/><W40/><G118/><T37/><D37/><U135/><E31/><V41/><F41/><W36/><G97/><T89/><D6/><U116/><E116/><V66/><F66/><W68/><G68/><T85/><D22/><U92/><E60/><V123/><F57/><W81/><G56/><T75/><D14/><U114/><E15/><V127/><F123/><N who="0" m="47114" /><D101/><U48/><E135/><V129/><F127/><N who="3" m="48683" /><G50/><T93/><D89/><U132/><E132/><V120/><F129/><W79/><G38/><T52/><D52/><U51/><E125/><V70/><F70/><W77/><G77/><T45/><D45/><U112/><REACH who="1" step="1"/><E43/><REACH who="1" ten="223,425,194,148" step="2"/><V32/><F120/><W54/><G54/><T28/><D28/><U18/><E18/><V91/><F53/><W10/><G5/><T63/><D63/><U108/><E108/><V96/><F55/><W103/><G40/><T26/><D26/><U80/><E80/><V2/><F24/><W72/><G81/><T46/><D46/><U30/><E30/><V65/><F65/><W42/><G44/><T95/><D95/><U29/><E29/><V17/><F2/><W117/><G42/><T7/><D7/><U113/><N who="1" m="29184" /><DORA hai="94" /><U73/><E73/><V130/><F17/><W62/><G74/><T82/><D82/><U134/><E134/><V47/><F47/><W90/><G62/><T59/><D59/><U128/><E128/><V111/><F130/><W19/><G72/><RYUUKYOKU ba="0,1" sc="223,15,425,15,194,-15,148,-15" hai0="75,76,83,84,85,87,88,93,106,107" hai1="0,3,48,49,51,61,64,69,92,99" /><INIT seed="4,1,1,2,5,23" ten="238,440,179,133" oya="0" hai0="114,80,71,17,34,43,112,75,48,49,20,27,87" hai1="15,9,57,104,92,25,109,33,97,58,129,4,26" hai2="19,100,79,99,120,59,1,53,101,11,93,121,125" hai3="24,36,90,126,2,46,52,86,65,55,5,122,108"/><T83/><D71/><U45/><E104/><V77/><F1/><W96/><G65/><T134/><D134/><U89/><E109/><V116/><F125/><W67/><G67/><T18/><D34/><U85/><E45/><V21/><F11/><W42/><G126/><T6/><D6/><U66/><E129/><V105/><F105/><W7/><G122/><T10/><D75/><U69/><E69/><V3/><F3/><W12/><G96/><T40/><D80/><U117/><E117/><V60/><F100/><W110/><G108/><T82/><D10/><U70/><E70/><V73/><F73/><W111/><G111/><T107/><D107/><U22/><E33/><V28/><F28/><W64/><G64/><T54/><D54/><U74/><E74/><V56/><F56/><N who="1" m="21609" /><E66/><V0/><F0/><W103/><G110/><T29/><D87/><U123/><E123/><V98/><F99/><W78/><G2/><T113/><D43/><U8/><E8/><V35/><F35/><W135/><G42/><T68/><D68/><U131/><E131/><V127/><F116/><W130/><G130/><T32/><D49/><U76/><E22/><V115/><F127/><W132/><G132/><T13/><D17/><U44/><E44/><AGARI ba="1,1" hai="13,18,20,27,29,32,40,44,48,82,83,112,113,114" machi="44" ten="40,3900,0" yaku="15,1,52,1" doraHai="23" who="0" fromWho="1" sc="238,52,440,-42,179,0,133,0" /><INIT seed="4,2,0,2,1,22" ten="290,398,179,133" oya="0" hai0="120,27,92,45,52,89,74,64,16,98,107,62,46" hai1="113,91,47,108,8,105,96,56,17,123,127,7,58" hai2="30,66,35,104,43,82,53,88,119,40,124,84,5" hai3="132,134,116,34,55,122,126,110,63,79,36,90,33"/><T100/><D74/><U135/><E108/><V6/><F104/><W95/><G36/><T39/><D39/><U59/><E123/><V32/><F66/><W69/><G116/><T21/><D120/><U101/><E47/><V103/><F103/><W51/><G110/><T50/><D100/><U112/><E17/><V24/><F35/><W4/><G4/><T97/><D107/><U87/><E127/><V76/><F124/><W57/><G79/><T65/><D65/><U29/><E29/><V41/><F53/><W118/><G118/><T93/><D93/><U31/><E31/><V71/><F71/><W70/><G126/><T109/><D109/><U18/><E18/><V78/><F78/><W1/><G1/><T115/><D115/><N who="1" m="44107" /><E135/><V28/><F30/><W106/><G106/><T121/><D121/><U12/><E59/><V81/><REACH who="2" step="1"/><F119/><REACH who="2" ten="290,398,169,133" step="2"/><W10/><G122/><T14/><D14/><U9/><E9/><V80/><F80/><AGARI ba="2,1" hai="7,8,12,56,58,80,87,91,96,101,105" m="44107" machi="80" ten="30,2000,0" yaku="15,1,11,1" doraHai="22" who="1" fromWho="2" sc="290,0,398,36,169,-26,133,0" /><INIT seed="5,0,0,5,3,71" ten="290,434,143,133" oya="1" hai0="29,114,122,105,13,86,38,78,31,20,128,2,10" hai1="46,94,107,42,8,23,70,84,134,93,95,89,123" hai2="82,87,69,57,26,36,16,50,126,15,9,118,30" hai3="49,91,85,119,3,34,96,102,1,14,0,35,100"/><U7/><E123/><V133/><F118/><W22/><G49/><T41/><D105/><U127/><E70/><V110/><F110/><W62/><G62/><T121/><D2/><U75/><E107/><V21/><F69/><W112/><G112/><T74/><D74/><U132/><E75/><V25/><F126/><W88/><G119/><T28/><D114/><U65/><E65/><V33/><F133/><N who="1" m="51305" /><E127/><V90/><F50/><W111/><G111/><T60/><D60/><U116/><E116/><V117/><F57/><W120/><G120/><N who="0" m="46187" /><D128/><U76/><E23/><V59/><F59/><W108/><G108/><T37/><D41/><U103/><E103/><V27/><F27/><W17/><G102/><T99/><D99/><U32/><E32/><V109/><F109/><W19/><G19/><N who="0" m="8631" /><D20/><U130/><E130/><V68/><F68/><W56/><G56/><T5/><D5/><U43/><E43/><V66/><F66/><W79/><G79/><T48/><D48/><N who="1" m="26711" /><E89/><V52/><F117/><W92/><REACH who="3" step="1"/><G91/><REACH who="3" ten="290,434,143,123" step="2"/><T47/><D78/><U44/><E76/><V73/><F90/><W6/><G6/><T83/><D47/><U98/><E44/><V97/><F73/><W72/><G72/><T53/><D53/><U115/><E115/><V51/><F52/><W106/><AGARI ba="0,1" hai="0,1,3,14,17,22,34,35,85,88,92,96,100,106" machi="106" ten="30,7900,0" yaku="1,1,0,1,54,1,53,1" doraHai="71" doraHaiUra="18" who="3" fromWho="3" sc="290,-20,434,-39,143,-20,123,89" /><INIT seed="6,0,0,0,0,120" ten="270,395,123,212" oya="2" hai0="84,104,34,55,20,21,12,13,80,0,70,73,24" hai1="115,89,29,2,119,49,113,130,82,65,108,134,128" hai2="121,36,39,23,124,25,4,114,96,110,97,101,63" hai3="69,31,56,10,127,60,76,32,66,103,42,75,86"/><V47/><F121/><W46/><G127/><T133/><D70/><U9/><E29/><V7/><F124/><W123/><G123/><T116/><D104/><U71/><E49/><V6/><F97/><W88/><G103/><T54/><D0/><U41/><E41/><V43/><F39/><W94/><G10/><T37/><D37/><U92/><E71/><V122/><F122/><W17/><G17/><T111/><D111/><U118/><E65/><V26/><F114/><N who="1" m="43529" /><E9/><V93/><F110/><W125/><G125/><T87/><D73/><U74/><E2/><V102/><F101/><W61/><G31/><T1/><D1/><U22/><E22/><V50/><F36/><W53/><G32/><T44/><D34/><U52/><E52/><V45/><F45/><W16/><G16/><T57/><D44/><U30/><E30/><N who="2" m="17727" /><F26/><W14/><G14/><T51/><D116/><N who="1" m="44587" /><E108/><V40/><F40/><W99/><G46/><T132/><D51/><U107/><E107/><V19/><F19/><W8/><G8/><T3/><D3/><U90/><E134/><V67/><F6/><W28/><G28/><T64/><D64/><U79/><E89/><V81/><F81/><W105/><G42/><T85/><D80/><U112/><N who="1" m="43537" /><U18/><DORA hai="72" /><E18/><V129/><F129/><W131/><G131/><T106/><D106/><U98/><AGARI ba="0,0" hai="74,79,82,90,92,98,128,130" m="44587,43537" machi="98" ten="50,8000,1" yaku="15,1,34,2,52,1" doraHai="120,72" who="1" fromWho="1" sc="270,-20,395,80,123,-40,212,-20" /><INIT seed="7,0,0,1,3,133" ten="250,475,83,192" oya="3" hai0="37,31,127,97,89,70,74,117,83,52,96,68,109" hai1="0,112,36,110,91,73,131,12,124,107,22,40,129" hai2="123,47,45,34,103,61,101,88,86,87,79,57,9" hai3="122,39,7,119,76,42,100,38,65,56,84,53,18"/><W44/><G119/><T29/><D117/><U8/><E73/><V94/><F34/><W33/><G33/><T13/><D37/><U67/><E110/><V41/><F41/><W71/><G100/><T20/><D109/><U5/><E107/><V102/><F9/><W32/><G32/><T11/><D70/><U14/><E67/><V55/><F79/><W98/><G98/><T90/><D68/><U63/><E91/><V106/><F106/><W3/><G18/><N who="0" m="8511" /><D74/><U104/><E104/><V115/><F123/><W62/><G122/><T27/><D31/><U125/><E63/><V64/><F64/><W93/><G38/><T99/><D127/><N who="1" m="48715" /><E112/><V6/><F6/><W95/><G7/><T80/><D52/><U116/><E116/><V58/><F61/><W66/><G3/><T75/><D75/><U105/><E105/><V92/><F55/><W128/><G66/><T17/><D29/><U114/><E114/><V23/><F23/><W121/><G121/><T46/><D46/><N who="1" m="23815" /><E22/><V77/><F77/><W111/><G111/><T60/><D60/><U16/><E16/><V2/><F2/><W135/><G65/><T10/><D10/><U81/><E81/><AGARI ba="0,0" hai="17,20,27,80,81,83,89,90,96,97,99" m="8511" machi="81" ten="30,1000,0" yaku="8,1" doraHai="133" who="0" fromWho="1" sc="250,10,475,-10,83,0,192,0" owari="260,6,465,57,83,-42,192,-21" /></mjloggm>