<mjloggm ver="2.3"><GO type="137" lobby="0"/><UN n0="%E6%82%A0%40%46%52%45%53%48%21" n1="%E7%95%99%E8%90%8C" n2="%52%75%73%73%65%6C%6C%57" n3="%E9%85%94%E3%81%84%E3%81%AA%E3%81%8C%E3%82%89" dan="12,12,14,9" rate="1562.40,1775.10,1873.97,1688.38" sx="M,M,M,M"/><TAIKYOKU oya="0"/><INIT seed="0,0,0,2,1,99" ten="250,250,250,250" oya="0" hai0="90,122,106,129,93,52,46,33,25,34,11,130,0" hai1="135,95,1,76,13,101,119,71,38,81,62,66,44" hai2="132,86,37,50,16,45,57,58,84,98,117,10,14" hai3="94,5,104,89,56,18,75,100,47,88,82,120,92"/><T79/><D122/><U83/><E1/><V73/><F73/><W77/><G120/><T60/><D106/><U21/><E119/><V59/><F132/><W127/><G127/><T126/><D34/><U42/><E135/><V7/><F37/><W133/><G133/><T49/><D79/><U31/><E31/><V114/><F114/><W91/><G5/><T97/><D60/><U118/><E118/><V41/><F117/><W26/><G47/><T22/><D33/><U103/><E95/><V63/><F98/><N who="3" m="61463" /><G56/><N who="2" m="21609" /><F7/><W80/><G26/><T111/><D126/><U6/><E76/><V35/><F35/><W115/><G18/><N who="0" m="12503" /><D11/><U29/><E29/><V134/><F134/><W20/><G20/><T108/><D0/><U74/><E74/><V128/><F128/><AGARI ba="0,0" hai="46,49,52,90,93,97,108,111,128,129,130" m="12503" machi="128" ten="30,2900,0" yaku="19,1,54,1" doraHai="99" who="0" fromWho="2" sc="250,29,250,0,250,-29,250,0" /><INIT seed="0,1,0,3,4,11" ten="279,250,221,250" oya="0" hai0="130,81,62,132,104,114,76,94,48,118,67,72,123" hai1="50,38,14,135,128,43,40,78,36,56,8,131,61" hai2="46,107,53,116,87,111,15,134,112,99,6,52,42" hai3="121,21,79,63,3,66,27,37,59,90,119,100,47"/><T25/><D123/><U68/><E78/><V29/><F112/><W64/><G3/><T126/><D118/><U82/><E82/><V124/><F111/><W45/><G119/><T18/><D114/><U73/><E73/><V35/><F116/><W109/><G109/><T7/><D104/><U101/><E101/><V54/><F134/><W65/><G121/><T1/><D132/><U97/><E97/><V108/><F108/><W13/><G79/><T17/><D130/><N who="1" m="49707" /><E135/><V125/><F87/><W55/><G100/><T33/><D126/><N who="2" m="48746" /><F99/><W96/><G37/><N who="1" m="14442" /><E68/><V5/><F5/><W20/><G20/><T34/><D34/><U75/><E75/><V92/><F92/><N who="3" m="56343" /><G27/><T98/><D33/><U32/><E32/><V88/><F107/><W103/><G103/><T51/><D7/><N who="1" m="3359" /><E50/><N who="2" m="26967" /><F35/><W84/><G84/><T60/><D1/><U120/><E120/><V69/><F69/><W9/><G21/><T91/><D25/><U58/><E58/><V89/><F29/><W12/><G12/><T0/><D0/><U24/><E24/><V122/><F122/><W102/><G102/><T28/><D28/><U2/><E2/><V49/><F49/><W22/><G22/><T23/><D23/><U19/><E19/><AGARI ba="1,0" hai="9,13,19,45,47,55,59,63,64,65,66" m="56343" machi="19" ten="30,2000,0" yaku="8,1,52,1" doraHai="11" who="3" fromWho="1" sc="279,0,250,-23,221,0,250,23" /><INIT seed="1,0,0,0,5,27" ten="279,227,221,273" oya="1" hai0="17,124,61,25,106,26,30,14,84,2,70,127,123" hai1="64,20,79,38,135,45,9,119,32,44,100,48,93" hai2="19,99,115,122,98,102,33,6,24,85,101,125,12" hai3="92,31,82,94,76,55,16,112,90,114,69,65,87"/><U5/><E119/><V71/><F122/><W54/><G94/><T132/><D106/><U37/><E79/><V49/><F125/><N who="0" m="48202" /><D2/><U72/><E72/><V116/><F116/><W103/><G103/><T35/><D123/><U58/><E32/><V133/><F133/><W56/><G69/><T110/><D132/><U73/><E73/><V104/><F6/><W77/><G77/><T80/><D110/><U47/><E135/><V0/><F0/><W88/><G90/><N who="0" m="51463" /><D70/><U78/><E78/><V51/><F115/><W86/><G65/><T95/><D95/><U11/><E20/><V67/><F85/><W118/><G118/><T4/><D61/><U91/><E100/><V3/><F3/><W53/><G56/><T109/><D4/><U129/><E129/><V10/><F67/><W62/><G62/><T36/><D36/><U113/><E113/><V134/><F71/><W42/><G42/><T41/><D41/><U68/><E68/><V46/><F46/><W108/><G108/><T43/><D43/><U29/><E29/><V15/><F134/><W59/><G59/><T66/><D109/><U120/><E120/><V131/><F131/><W74/><G74/><T117/><D117/><U40/><E37/><V57/><F57/><W130/><G130/><T34/><D66/><U81/><E38/><V50/><F104/><W1/><G114/><T75/><D75/><U96/><E64/><V13/><F102/><W39/><G76/><T111/><D111/><U105/><E105/><V60/><F101/><W7/><G112/><T28/><D17/><U107/><E107/><RYUUKYOKU ba="0,0" sc="279,30,227,-10,221,-10,273,-10" hai0="14,25,26,28,30,34,35" /><INIT seed="2,1,0,2,2,104" ten="309,217,211,263" oya="2" hai0="22,27,15,125,73,134,135,107,65,121,54,97,40" hai1="4,33,89,67,101,94,80,43,85,108,45,1,5" hai2="77,20,28,35,11,71,30,9,16,105,128,126,72" hai3="75,74,95,41,49,116,14,10,3,64,38,115,56"/><V99/><F126/><W66/><G116/><T112/><D121/><U70/><E33/><V133/><F133/><W88/><G3/><T86/><D112/><U6/><E1/><V92/><F128/><W50/><G38/><T59/><D40/><U34/><E34/><V42/><F105/><W57/><G115/><T24/><D65/><U109/><E70/><V117/><F71/><W124/><G124/><T84/><D125/><U52/><E67/><V8/><F42/><W51/><G41/><T36/><D36/><U23/><E23/><V19/><F35/><W29/><G29/><T96/><D15/><U106/><E106/><V132/><F19/><W102/><G102/><T93/><D107/><U129/><E129/><V68/><F68/><W131/><G131/><T46/><D46/><U44/><E44/><V119/><F132/><W81/><G81/><T130/><D130/><U7/><N who="1" m="1536" /><DORA hai="103" /><U90/><E101/><V100/><F119/><W12/><G51/><T78/><D97/><N who="1" m="57551" /><E109/><V0/><F0/><W123/><G95/><T60/><D135/><U32/><E32/><V47/><F47/><W83/><G83/><N who="0" m="45519" /><D134/><U21/><E108/><V53/><F117/><W110/><G110/><T17/><D93/><U120/><E120/><V98/><F98/><W18/><G123/><T122/><D96/><U62/><E21/><V61/><F20/><W113/><G88/><T82/><D82/><U127/><E127/><V76/><F99/><W91/><G113/><T31/><D122/><U13/><E13/><V2/><F2/><W25/><G91/><T79/><D79/><RYUUKYOKU ba="1,0" sc="309,30,217,-10,211,-10,263,-10" hai0="17,22,24,27,31,54,59,60,84,86" /><INIT seed="3,2,0,2,1,57" ten="339,207,201,253" oya="3" hai0="78,41,90,131,36,67,31,62,95,22,1,99,107" hai1="132,73,44,37,47,103,12,117,46,48,105,40,119" hai2="75,4,39,5,102,53,122,129,126,124,82,123,98" hai3="14,65,55,113,76,19,26,93,0,6,29,114,97"/><W52/><G76/><T15/><D1/><U64/><E73/><V79/><F39/><W106/><G106/><T51/><D131/><U88/><E12/><V109/><F53/><W115/><G0/><T33/><D33/><U118/><E64/><V80/><F129/><W56/><G6/><T120/><D120/><N who="2" m="46122" /><F4/><W130/><G130/><T72/><D36/><U18/><E18/><V116/><F5/><W121/><G121/><T128/><D107/><U108/><E132/><V68/><F68/><W111/><G111/><T134/><D134/><U71/><E71/><V8/><F8/><W63/><G14/><T13/><D128/><U133/><E133/><V21/><F21/><W83/><G19/><T92/><D78/><U23/><E23/><V127/><F82/><W11/><G83/><T58/><D72/><U20/><E20/><V10/><F10/><W43/><G43/><T100/><D31/><U74/><E74/><V38/><F38/><W54/><G11/><T7/><D7/><U85/><E108/><V2/><F2/><W16/><G16/><T125/><D22/><U77/><E37/><V45/><F45/><W101/><REACH who="3" step="1"/><G26/><REACH who="3" ten="339,207,201,243" step="2"/><T27/><D27/><U32/><E77/><V86/><F109/><W61/><G61/><T89/><D41/><U66/><E32/><V42/><F42/><W104/><G104/><T96/><D15/><U9/><E9/><V112/><F112/><W35/><G35/><T17/><D13/><U84/><E105/><N who="2" m="63703" /><F75/><W81/><G81/><T70/><D17/><U34/><E34/><V135/><F135/><W3/><G3/><RYUUKYOKU ba="2,1" sc="339,-15,207,-15,201,15,243,15" hai2="79,80,86,116,124,126,127" hai3="29,52,54,55,56,63,65,93,97,101,113,114,115" /><INIT seed="3,3,1,3,0,41" ten="324,192,216,258" oya="3" hai0="23,25,33,10,113,102,133,101,92,15,30,68,46" hai1="58,116,110,114,20,95,27,64,125,124,29,16,100" hai2="42,63,109,19,1,57,22,93,11,67,31,99,44" hai3="85,74,108,121,40,120,70,45,71,83,17,0,105"/><W72/><G105/><T53/><D68/><U127/><E64/><V51/><F109/><W80/><G0/><T77/><D133/><U122/><E58/><V111/><F111/><W65/><G108/><T103/><D33/><N who="1" m="20671" /><E100/><V106/><F106/><W75/><G17/><T34/><D113/><U82/><E95/><V129/><F129/><W12/><G12/><T123/><D123/><U54/><E82/><V7/><F31/><W55/><G55/><T128/><D77/><U73/><E54/><V104/><F104/><W3/><G3/><T115/><D115/><U5/><E73/><V79/><F79/><W107/><G107/><T135/><D34/><U60/><E110/><V86/><F86/><W89/><G83/><T4/><D135/><U91/><E114/><V38/><F93/><W84/><G84/><T117/><D117/><U76/><E76/><V37/><F99/><W35/><G35/><T47/><D128/><U48/><E91/><V21/><F21/><W96/><G96/><T132/><D132/><U43/><E60/><V87/><REACH who="2" step="1"/><F87/><REACH who="2" ten="324,192,206,258" step="2"/><W50/><REACH who="3" step="1"/><G65/><REACH who="3" ten="324,192,206,248" step="2"/><T36/><D92/><U97/><E116/><V81/><F81/><W112/><G112/><T28/><D102/><U90/><E97/><V126/><F126/><W26/><G26/><AGARI ba="3,3" hai="1,7,11,19,22,26,37,38,42,44,51,57,63,67" machi="26" ten="30,7700,0" yaku="1,1,7,1,52,1,53,1" doraHai="41" doraHaiUra="52" who="2" fromWho="3" sc="324,0,192,0,206,116,248,-86" /><INIT seed="4,0,0,5,1,100" ten="324,192,322,162" oya="0" hai0="113,130,41,37,75,13,65,48,126,45,108,79,87" hai1="102,19,34,74,3,35,40,22,73,101,119,71,16" hai2="80,50,118,2,66,91,134,93,17,88,69,99,124" hai3="114,52,132,56,12,94,115,67,62,28,8,21,90"/><T10/><D75/><U14/><E71/><V83/><F2/><W20/><G132/><T42/><D113/><U89/><E40/><V1/><F1/><W127/><G127/><T131/><D41/><U82/><E119/><V25/><F134/><W95/><G95/><T97/><D126/><U85/><E3/><V116/><F124/><W104/><G104/><T32/><D32/><U68/><E68/><V61/><F50/><W106/><G106/><T27/><D108/><U58/><E58/><V120/><F120/><W121/><G121/><T117/><D117/><N who="2" m="45162" /><F91/><W36/><G36/><T57/><D37/><U15/><E73/><V72/><F72/><W51/><G28/><T110/><D110/><U9/><E74/><V29/><F17/><W23/><G115/><T38/><D38/><U7/><E102/><V128/><F128/><W11/><G12/><T92/><D27/><U60/><E101/><V26/><F26/><W135/><G114/><T6/><D131/><U76/><E60/><V59/><F69/><W78/><G78/><T53/><D130/><U70/><E70/><V44/><F44/><W49/><G135/><T4/><D79/><U111/><E111/><V47/><F47/><N who="3" m="27711" /><G51/><T0/><D0/><U125/><E125/><V39/><F39/><W46/><G46/><T103/><D45/><U96/><E19/><V107/><F107/><W63/><G63/><T18/><D18/><U84/><E96/><AGARI ba="0,0" hai="8,11,20,21,23,56,62,67,90,94,96" m="27711" machi="96" ten="30,2000,0" yaku="8,1,54,1" doraHai="100" who="3" fromWho="1" sc="324,0,192,-20,322,0,162,20" /><INIT seed="5,0,0,3,5,44" ten="324,172,322,182" oya="1" hai0="0,81,127,134,114,42,110,73,64,89,9,98,121" hai1="111,10,90,97,29,2,77,43,4,102,94,1,25" hai2="78,122,82,39,129,86,46,31,12,113,130,45,105" hai3="55,112,59,100,32,7,50,62,23,19,49,118,60"/><U34/><E77/><V132/><F122/><W6/><G32/><T53/><D110/><U88/><E1/><V103/><F39/><W84/><G118/><T65/><D121/><U108/><REACH who="1" step="1"/><E43/><REACH who="1" ten="324,162,322,182" step="2"/><V36/><F132/><W123/><G123/><T52/><D134/><U87/><E87/><V15/><F113/><W91/><G112/><T106/><D114/><U99/><E99/><V30/><F36/><W14/><G100/><T17/><D98/><U124/><E124/><V71/><F103/><W125/><G125/><T120/><D127/><U72/><E72/><V57/><F78/><W63/><REACH who="3" step="1"/><G50/><REACH who="3" ten="324,162,322,172" step="2"/><T85/><D120/><U58/><E58/><V33/><F57/><W115/><G115/><T22/><D106/><U56/><E56/><V109/><F105/><W131/><G131/><T28/><D73/><U93/><E93/><AGARI ba="0,2" hai="6,7,14,19,23,49,55,59,60,62,63,84,91,93" machi="93" ten="40,12000,2" yaku="1,1,25,2,8,1,52,1,53,1" doraHai="44" doraHaiUra="18" who="3" fromWho="1" sc="324,0,162,-120,322,0,172,140" /><INIT seed="6,0,0,2,4,89" ten="324,42,322,312" oya="2" hai0="93,109,117,127,1,71,29,51,104,38,48,110,35" hai1="28,63,67,56,113,19,125,82,98,30,120,96,16" hai2="8,53,18,37,87,114,65,59,105,78,10,9,5" hai3="94,23,62,39,52,134,123,126,99,50,58,108,45"/><V7/><F37/><W22/><G108/><T0/><D104/><U69/><E82/><N who="2" m="47575" /><F105/><W21/><G123/><T101/><D38/><U72/><E72/><V132/><F132/><W83/><G134/><T107/><D71/><U88/><E120/><V36/><F36/><W13/><G39/><T66/><D107/><U131/><E113/><V57/><F114/><W64/><G83/><T106/><D106/><U74/><E74/><V124/><F124/><W119/><G119/><T54/><D109/><U68/><E125/><V80/><F80/><W75/><G75/><T6/><D110/><U44/><E44/><V3/><F3/><W97/><G126/><T100/><D1/><U49/><E131/><V34/><F34/><W129/><G99/><T92/><D35/><U14/><E49/><N who="2" m="30895" /><F18/><N who="3" m="10447" /><G129/><T73/><D73/><U2/><E2/><V79/><F79/><W86/><G86/><T31/><D127/><U41/><E41/><V70/><F70/><W115/><G115/><T40/><D40/><U133/><E133/><V20/><F20/><W90/><AGARI ba="0,0" hai="22,23,45,50,52,58,62,64,90,94,97" m="10447" machi="90" ten="30,4000,0" yaku="8,1,52,1,54,1" doraHai="89" who="3" fromWho="3" sc="324,-10,42,-10,322,-20,312,40" /><INIT seed="7,0,0,1,4,39" ten="314,32,302,352" oya="3" hai0="4,19,91,96,121,80,8,64,71,14,50,24,38" hai1="60,82,97,40,115,69,74,1,15,54,113,89,126" hai2="52,43,45,124,87,85,103,81,65,129,70,73,78" hai3="133,6,0,59,109,102,105,33,122,18,58,132,42"/><W118/><G122/><T12/><D38/><U99/><E1/><V9/><F124/><W2/><G118/><T128/><D121/><U48/><E15/><V13/><F129/><W36/><G33/><T79/><D128/><U131/><E131/><V63/><F103/><W44/><G109/><T88/><D24/><U76/><E126/><V25/><F25/><W106/><G102/><T11/><D64/><U32/><E32/><V22/><F22/><W55/><G18/><T114/><D71/><U120/><E120/><V47/><F47/><W10/><G2/><T3/><D3/><U116/><E116/><V7/><REACH who="2" step="1"/><F52/><REACH who="2" ten="314,32,292,352" step="2"/><W34/><G34/><T92/><D114/><U107/><E115/><V94/><F94/><W28/><G28/><T111/><D111/><U98/><E113/><V29/><F29/><W57/><REACH who="3" step="1"/><G55/><REACH who="3" ten="314,32,292,342" step="2"/><T104/><D104/><AGARI ba="0,2" hai="0,6,10,36,42,44,57,58,59,104,105,106,132,133" machi="104" ten="40,7700,0" yaku="1,1,2,1,52,1,53,0" doraHai="39" doraHaiUra="56" who="3" fromWho="0" sc="314,-77,32,0,292,0,342,97" owari="237,-16,32,-47,292,9,439,54" /></mjloggm>