<mjloggm ver="2.3"><GO type="9" lobby="4807"/><UN n0="%E3%81%B0%E3%81%A3%E3%81%8F%E3%81%99" n1="%6E%61%6B%6B%61%61" n2="%E3%81%B1%E3%81%B5%E3%81%83" n3="%E7%95%99%E8%90%8C" dan="6,1,1,12" rate="1430.23,1465.42,1358.48,1743.28" sx="M,M,M,M"/><TAIKYOKU oya="0"/><INIT seed="0,0,0,2,1,7" ten="250,250,250,250" oya="0" hai0="3,105,45,88,69,25,33,82,94,50,87,108,48" hai1="130,102,93,47,10,20,127,35,129,125,66,79,126" hai2="42,57,59,1,38,37,71,41,131,73,95,12,119" hai3="46,44,74,23,70,22,100,132,11,13,26,29,52"/><T128/><D69/><U16/><E35/><V113/><F119/><W85/><G70/><T18/><D3/><U76/><E66/><V121/><F121/><W107/><G74/><T36/><D105/><U117/><E117/><V101/><F131/><N who="1" m="50185" /><E47/><V68/><F113/><W116/><G116/><T135/><D128/><U63/><E63/><V6/><F73/><W75/><G75/><T110/><D36/><U89/><E20/><V77/><F77/><W115/><G115/><T32/><D45/><U118/><E118/><V55/><F1/><W91/><G107/><T81/><D135/><U31/><E102/><V43/><F101/><W114/><G114/><T19/><D25/><U78/><E31/><V109/><F95/><N who="3" m="54767" /><G100/><T124/><D124/><N who="1" m="31747" /><U49/><DORA hai="53" /><E49/><V134/><F6/><N who="3" m="3319" /><G132/><T21/><D21/><U92/><E89/><V17/><F109/><N who="0" m="42090" /><D33/><U65/><E65/><V106/><F106/><W14/><G14/><AGARI ba="0,0" hai="10,14,16,76,78,79,92,93" m="31747,50185" machi="14" ten="50,8000,1" yaku="19,1,18,1,52,1,54,1" doraHai="7,53" who="1" fromWho="3" sc="250,0,250,80,250,0,250,-80" /><INIT seed="1,0,0,4,0,56" ten="250,330,250,170" oya="1" hai0="130,2,17,116,23,42,28,117,54,78,39,118,97" hai1="123,32,1,110,76,60,38,69,125,7,59,124,33" hai2="105,22,27,98,102,84,35,131,106,57,82,3,47" hai3="79,104,100,4,115,80,11,134,68,20,71,18,132"/><U52/><E123/><V43/><F131/><W61/><G115/><T31/><D54/><U21/><E38/><V99/><F3/><W48/><G104/><T101/><D39/><U75/><E69/><V41/><F35/><W94/><G100/><T86/><D42/><U95/><E33/><V49/><F57/><W24/><G94/><T15/><D2/><U126/><E32/><V19/><F105/><W85/><G48/><T112/><D112/><U55/><E21/><V88/><REACH who="2" step="1"/><F98/><REACH who="2" ten="250,330,240,170" step="2"/><W16/><G18/><T64/><D130/><U13/><E1/><V40/><AGARI ba="0,1" hai="19,22,27,40,41,43,47,49,82,84,88,99,102,106" machi="40" ten="20,8000,1" yaku="1,1,2,1,0,1,7,1,54,1,53,0" doraHai="56" doraHaiUra="62" who="2" fromWho="2" sc="250,-20,330,-40,240,90,170,-20" /><INIT seed="2,0,0,3,2,63" ten="230,290,330,150" oya="2" hai0="131,101,107,15,72,108,83,2,49,112,117,7,21" hai1="30,87,126,25,62,110,11,127,81,86,16,85,123" hai2="115,91,129,120,48,92,53,128,97,36,39,82,29" hai3="0,98,28,33,88,59,109,43,104,94,89,60,45"/><V74/><F120/><W27/><G0/><T73/><D49/><U122/><E62/><V57/><F115/><W17/><G104/><T8/><D112/><U51/><E81/><V132/><F132/><W1/><G1/><T116/><D83/><U77/><E77/><V106/><F29/><W26/><G89/><T4/><D131/><N who="2" m="50250" /><F106/><W9/><G109/><T90/><D90/><U84/><E110/><V67/><F67/><W35/><G45/><T41/><D41/><U44/><N who="1" m="22016" /><DORA hai="76" /><U12/><E123/><V99/><F99/><W121/><G121/><T6/><D108/><U40/><REACH who="1" step="1"/><E122/><REACH who="1" ten="230,280,330,150" step="2"/><V5/><F5/><W3/><G3/><T22/><D2/><U113/><E113/><V34/><F34/><AGARI ba="0,1" hai="11,12,16,25,30,34,40,44,51,126,127" m="22016" machi="34" ten="50,3200,0" yaku="1,1,54,1,53,0" doraHai="63,76" doraHaiUra="18,95" who="1" fromWho="2" sc="230,0,280,42,330,-32,150,0" /><INIT seed="3,0,0,2,2,30" ten="230,322,298,150" oya="3" hai0="111,33,31,48,104,40,91,122,43,19,127,12,15" hai1="128,76,86,85,46,95,134,23,82,60,77,57,116" hai2="11,24,112,13,7,65,3,105,41,126,52,80,17" hai3="36,75,74,35,123,84,97,58,109,63,2,103,90"/><W67/><G123/><T5/><D104/><U62/><E116/><V16/><F112/><W89/><G36/><T69/><D91/><U0/><E0/><V119/><F126/><W53/><G2/><T94/><D94/><U124/><E124/><V120/><F119/><W121/><G121/><T115/><D69/><U4/><E4/><V29/><F120/><W45/><G35/><T28/><D48/><U68/><E82/><V14/><F105/><W56/><G109/><T8/><D122/><U130/><E134/><V108/><F108/><W131/><G131/><N who="1" m="50218" /><E68/><V55/><F80/><W42/><G74/><T125/><D111/><U92/><E23/><V66/><F41/><W101/><G75/><T106/><D106/><U132/><E132/><V72/><F72/><W64/><G42/><T27/><D115/><U87/><E46/><V135/><F135/><W113/><G113/><T18/><D43/><U81/><E62/><V54/><F66/><N who="3" m="25131" /><G45/><T98/><D40/><U26/><E26/><V49/><F65/><N who="3" m="39143" /><G97/><T22/><D98/><U114/><E57/><V71/><F71/><W88/><G84/><N who="1" m="32362" /><E60/><AGARI ba="0,0" hai="53,58,60,88,89,90,101,103" m="39143,25131" machi="60" ten="30,2900,0" yaku="8,1,54,1" doraHai="30" who="3" fromWho="1" sc="230,0,322,-29,298,0,150,29" /><INIT seed="3,1,0,5,5,26" ten="230,293,298,179" oya="3" hai0="38,40,0,23,97,22,113,76,13,48,44,107,29" hai1="33,108,18,78,45,73,70,67,5,99,134,53,117" hai2="120,132,127,14,9,96,85,83,111,2,87,19,60" hai3="66,72,124,68,121,105,101,86,130,54,118,7,56"/><W47/><G121/><T104/><D13/><U110/><E33/><V4/><F120/><W95/><G118/><T50/><D113/><U12/><E117/><V46/><F127/><W41/><G72/><T15/><D15/><U30/><E99/><V71/><F111/><N who="1" m="42537" /><E30/><V6/><F132/><W98/><G124/><T49/><D0/><U65/><E134/><V24/><F6/><W37/><G7/><T61/><D76/><U100/><E5/><V28/><F96/><W81/><G130/><T80/><D61/><N who="1" m="40239" /><E67/><V74/><F46/><W27/><G27/><T125/><D80/><N who="1" m="45135" /><E100/><V57/><F71/><W133/><G133/><T131/><D125/><U25/><E25/><V90/><F74/><W64/><G105/><T8/><D97/><U59/><E45/><V16/><F87/><W82/><G68/><T11/><D29/><U109/><N who="1" m="42545" /><U1/><DORA hai="58" /><E12/><V122/><F122/><W21/><G21/><N who="0" m="7691" /><D107/><U114/><E114/><V103/><F103/><W88/><REACH who="3" step="1"/><G82/><REACH who="3" ten="230,293,298,169" step="2"/><T69/><D69/><U31/><E18/><V35/><REACH who="2" step="1"/><F2/><REACH who="2" ten="230,293,288,169" step="2"/><W128/><G128/><T34/><D104/><U115/><E1/><V39/><F39/><W112/><G112/><T94/><D131/><U129/><E115/><V91/><F91/><W32/><G32/><T92/><D34/><U123/><E129/><V119/><F119/><W135/><G135/><T79/><D79/><U77/><E123/><V116/><F116/><W126/><G126/><T89/><D89/><U17/><E77/><V93/><F93/><W84/><G84/><T102/><D102/><U3/><E3/><RYUUKYOKU ba="1,2" sc="230,10,293,-30,288,10,169,10" hai0="8,11,38,40,44,48,49,50,92,94" hai2="4,9,14,16,19,24,28,35,57,60,83,85,90" hai3="37,41,47,54,56,64,66,81,86,88,95,98,101" /><INIT seed="3,2,2,2,0,6" ten="240,263,298,179" oya="3" hai0="92,107,45,52,61,33,88,82,19,113,47,119,60" hai1="108,104,41,37,57,3,81,122,77,13,86,114,97" hai2="8,68,15,116,70,28,38,71,98,96,16,105,59" hai3="109,63,111,5,121,56,40,50,89,26,43,131,135"/><W133/><G121/><T7/><D107/><U17/><E3/><V115/><F115/><W101/><G101/><T93/><D119/><U9/><E114/><V23/><F116/><W118/><G118/><T95/><D113/><U123/><E108/><N who="3" m="41546" /><G26/><T73/><D73/><U90/><E104/><V31/><F38/><W69/><G5/><T75/><D33/><U54/><E37/><V134/><F134/><N who="3" m="51211" /><G89/><T46/><D7/><U83/><E41/><N who="3" m="15946" /><G69/><T91/><D19/><U25/><E123/><V64/><F105/><W94/><G94/><T53/><D75/><N who="1" m="43199" /><E122/><V128/><F128/><W14/><G14/><T2/><D2/><U72/><E72/><V20/><F20/><W36/><G36/><T65/><D65/><U18/><E97/><V44/><F44/><W87/><G87/><T120/><D120/><U27/><E18/><V49/><F49/><W30/><G30/><T124/><D124/><U85/><E54/><N who="0" m="21097" /><D82/><N who="1" m="49463" /><E57/><V84/><F84/><W129/><G50/><T132/><D132/><U12/><E12/><V1/><F1/><W76/><G76/><T32/><D32/><U127/><E27/><V10/><F31/><W102/><G102/><T99/><D99/><U62/><E25/><V39/><F39/><W34/><G34/><T110/><D110/><U117/><E117/><V0/><F28/><W42/><N who="3" m="15954" /><W112/><DORA hai="125" /><G112/><T21/><D21/><U78/><E127/><V55/><F64/><AGARI ba="2,2" hai="56,63,64,129,131" m="15954,51211,41546" machi="64" ten="40,18000,2" yaku="14,1,10,1,20,1,34,2,52,2" doraHai="6,125" who="3" fromWho="2" sc="240,0,263,0,298,-186,179,206" /><INIT seed="3,3,0,1,0,0" ten="240,263,112,385" oya="3" hai0="100,43,54,76,60,57,39,104,119,90,61,114,93" hai1="74,80,101,109,37,81,135,24,69,75,106,5,56" hai2="9,14,105,86,8,47,55,40,96,131,107,127,87" hai3="13,12,120,49,2,35,88,102,32,45,133,22,71"/><W116/><G120/><T41/><D76/><U20/><E37/><V28/><F131/><W123/><G123/><T125/><D119/><U112/><E112/><V73/><F127/><W42/><G71/><T77/><D77/><U38/><E38/><V130/><F130/><W10/><G116/><T23/><D23/><U51/><E69/><V84/><F73/><N who="1" m="27657" /><E106/><V124/><F124/><W36/><G102/><T1/><D125/><U62/><E101/><V34/><F34/><W118/><G118/><T4/><D114/><U66/><E51/><V25/><F9/><W31/><G133/><T132/><D132/><U111/><E135/><V59/><F96/><W65/><G2/><T48/><D39/><U129/><E5/><V122/><F122/><W63/><G36/><T79/><D79/><U103/><E129/><V117/><F117/><W19/><G88/><T99/><D104/><U134/><E134/><V110/><F110/><N who="1" m="41993" /><E103/><V108/><F108/><W26/><REACH who="3" step="1"/><G12/><REACH who="3" ten="240,263,112,375" step="2"/><T98/><D1/><U44/><E44/><V85/><N who="2" m="22016" /><DORA hai="11" /><V58/><F14/><W115/><G115/><T70/><D70/><U53/><E66/><V92/><F8/><W91/><G91/><T113/><D113/><U126/><E126/><V78/><F78/><W6/><G6/><T18/><D4/><U33/><E33/><V7/><F7/><W97/><G97/><N who="0" m="57527" /><D100/><U128/><E128/><V15/><F15/><W50/><G50/><T52/><D18/><AGARI ba="3,1" hai="18,20,24,53,56,62,80,81" m="41993,27657" machi="18" ten="30,1000,0" yaku="14,1" doraHai="0,11" who="1" fromWho="0" sc="240,-19,263,29,112,0,375,0" /><INIT seed="4,0,0,1,0,26" ten="221,292,112,375" oya="0" hai0="109,43,111,89,122,7,64,60,113,133,48,0,35" hai1="129,74,125,117,11,66,75,116,97,50,87,22,39" hai2="78,2,102,110,23,3,82,54,101,6,76,98,1" hai3="52,24,108,90,58,105,55,36,127,63,12,73,20"/><T37/><D0/><U81/><E39/><V99/><F110/><W128/><G105/><T86/><D89/><U104/><E129/><V95/><F54/><W40/><G73/><T42/><D122/><U69/><E125/><V19/><F6/><W57/><G127/><T34/><D7/><U8/><E22/><V65/><F65/><W16/><G128/><T107/><D107/><U121/><E66/><V132/><F132/><W83/><G108/><N who="0" m="41547" /><D86/><U106/><E97/><V18/><F18/><W31/><G40/><T13/><D13/><U115/><E121/><V4/><F4/><W100/><G36/><T10/><D10/><U17/><E50/><V77/><F82/><W126/><G126/><T79/><D133/><U71/><E17/><V130/><F130/><W91/><G100/><T96/><D113/><U61/><E61/><V72/><F72/><W49/><G83/><T85/><D96/><U44/><E81/><V80/><F80/><W118/><G118/><T67/><D85/><U33/><E44/><V56/><F56/><W29/><G29/><T9/><D37/><U21/><E21/><AGARI ba="0,0" hai="12,16,20,21,24,31,49,52,55,57,58,63,90,91" machi="21" ten="30,8000,1" yaku="7,1,8,1,52,1,54,2" doraHai="26" who="3" fromWho="1" sc="221,0,292,-80,112,0,375,80" /><INIT seed="5,0,0,2,3,69" ten="221,212,112,455" oya="1" hai0="42,44,95,22,20,34,111,117,38,101,113,51,70" hai1="55,1,127,52,41,135,5,6,100,124,71,121,103" hai2="33,102,87,11,58,104,108,9,15,49,25,97,64" hai3="65,53,8,57,106,94,36,67,28,14,27,133,17"/><U88/><E121/><V61/><F108/><W118/><G106/><T13/><D111/><U86/><E1/><V130/><F130/><W16/><G118/><T132/><D117/><U107/><E71/><V54/><F33/><W115/><G115/><T7/><D34/><U125/><E107/><V68/><F25/><W77/><G77/><T91/><D113/><U93/><E41/><V3/><F3/><W126/><G36/><T62/><D38/><U2/><E135/><V112/><F112/><W79/><G79/><T37/><D37/><U66/><E66/><V46/><F87/><W89/><G133/><T73/><D73/><U45/><E55/><V12/><F12/><W85/><G126/><T75/><D132/><U78/><E6/><V76/><F76/><W83/><G94/><T48/><D75/><U81/><E2/><V90/><F90/><W40/><G40/><T82/><D7/><U105/><E5/><V21/><F21/><N who="0" m="8298" /><D70/><U19/><E19/><V0/><F0/><W56/><G17/><T134/><D134/><U123/><E105/><V32/><F32/><W24/><G28/><T128/><D128/><U26/><E123/><V99/><F99/><W35/><G35/><T31/><D31/><U98/><REACH who="1" step="1"/><E26/><REACH who="1" ten="221,202,112,455" step="2"/><V84/><F15/><W63/><G27/><T120/><D120/><U72/><E72/><V96/><F96/><W10/><G24/><T39/><D62/><U110/><E110/><V60/><REACH who="2" step="1"/><F84/><REACH who="2" ten="221,202,102,455" step="2"/><W29/><G85/><N who="0" m="50615" /><D13/><U23/><E23/><V59/><F59/><W80/><G56/><T129/><D129/><U50/><AGARI ba="0,2" hai="45,50,52,78,81,86,88,93,98,100,103,124,125,127" machi="50" ten="40,18000,2" yaku="1,1,5,1,0,1,18,1,54,2,53,1" doraHai="69" doraHaiUra="92" who="1" fromWho="1" sc="221,-60,202,200,102,-60,455,-60" /><INIT seed="5,1,0,1,2,122" ten="161,402,42,395" oya="1" hai0="7,87,89,88,65,1,16,130,73,72,81,131,90" hai1="71,108,120,134,78,101,93,97,124,112,133,58,14" hai2="31,3,61,116,39,110,4,69,83,94,67,18,104" hai3="129,32,17,42,127,5,103,40,55,0,66,63,37"/><U24/><E120/><V20/><F110/><W46/><G32/><T100/><D65/><U109/><E71/><V98/><F116/><W11/><G103/><T99/><D1/><U77/><E58/><V135/><F135/><N who="1" m="51721" /><E24/><V111/><F39/><W117/><G117/><T34/><D7/><U64/><E14/><V28/><F104/><W47/><G129/><N who="0" m="49163" /><D16/><U80/><E64/><V68/><F68/><W107/><G107/><N who="0" m="63903" /><D34/><U6/><E124/><V52/><F111/><N who="1" m="42569" /><E6/><V85/><F3/><W30/><G127/><T118/><D118/><U113/><E77/><AGARI ba="1,0" hai="72,73,77,81,87,88,89,90" m="63903,49163" machi="77" ten="30,7700,0" yaku="19,1,34,2,54,1" doraHai="122" who="0" fromWho="1" sc="161,80,402,-80,42,0,395,0" /><INIT seed="6,0,0,4,5,107" ten="241,322,42,395" oya="2" hai0="13,58,50,8,40,85,27,116,52,16,15,49,87" hai1="32,125,68,56,99,7,131,55,80,17,71,73,34" hai2="45,65,60,69,94,113,25,84,129,111,76,110,10" hai3="119,74,48,9,104,46,95,12,128,77,126,53,64"/><V79/><F113/><W105/><G119/><T3/><D3/><U39/><E73/><V67/><F129/><W70/><G105/><T121/><D121/><U23/><E131/><V135/><F135/><W115/><G104/><T117/><D40/><U75/><E125/><V123/><F123/><W101/><G126/><T108/><D108/><N who="2" m="41514" /><F67/><W120/><G120/><T63/><D27/><U122/><E122/><V88/><F45/><W124/><G124/><T134/><D134/><U11/><E39/><V78/><F25/><W47/><G115/><T33/><D33/><U93/><E68/><V97/><F10/><W57/><G128/><T114/><D114/><U31/><E71/><V54/><F54/><W103/><G74/><T2/><D2/><U81/><E75/><V61/><F61/><W19/><G77/><N who="2" m="19713" /><V100/><DORA hai="106" /><F100/><W82/><G82/><T5/><D5/><U118/><E34/><V42/><F42/><W130/><G130/><T90/><D90/><U112/><E32/><V14/><F14/><W26/><G26/><T98/><D98/><AGARI ba="0,0" hai="60,65,69,84,88,94,97,98" m="19713,41514" machi="98" ten="40,3900,0" yaku="10,1,54,1" doraHai="107,106" who="2" fromWho="0" sc="241,-39,322,0,42,39,395,0" /><INIT seed="6,1,0,0,5,114" ten="202,322,81,395" oya="2" hai0="57,43,98,73,77,69,37,48,46,3,54,47,32" hai1="12,116,120,35,34,22,131,20,21,82,128,99,119" hai2="71,68,6,118,26,75,41,65,103,113,7,107,33" hai3="92,8,132,83,86,38,60,50,127,64,91,58,105"/><V23/><F118/><N who="1" m="45097" /><E12/><V81/><F113/><W125/><G38/><T79/><D3/><U30/><E120/><V52/><F41/><W49/><G105/><T44/><D32/><N who="1" m="12331" /><E99/><V42/><F42/><W88/><G8/><T24/><D24/><U90/><E82/><V72/><F33/><W40/><G132/><T102/><D73/><U135/><E90/><V2/><F2/><W134/><G134/><T14/><D14/><U85/><E85/><V106/><F106/><W5/><G5/><T27/><D27/><N who="1" m="16743" /><E135/><V70/><F65/><W126/><REACH who="3" step="1"/><G40/><REACH who="3" ten="202,322,81,385" step="2"/><T133/><D133/><U87/><E87/><AGARI ba="1,1" hai="49,50,58,60,64,83,86,87,88,91,92,125,126,127" machi="87" ten="40,8000,1" yaku="1,1,2,1,18,1,54,1,53,0" doraHai="114" doraHaiUra="117" who="3" fromWho="1" sc="202,0,322,-83,81,0,385,93" /><INIT seed="7,0,0,0,2,131" ten="202,239,81,478" oya="3" hai0="112,5,2,63,74,98,28,68,30,42,84,6,134" hai1="121,70,49,122,61,45,41,52,21,103,35,56,57" hai2="77,110,90,23,113,85,128,92,114,22,118,97,60" hai3="54,69,78,126,119,64,20,12,86,76,102,27,83"/><W32/><G119/><T65/><D42/><U50/><E103/><V71/><F128/><W44/><G102/><T62/><D98/><U120/><E35/><V43/><F118/><W40/><G69/><T105/><D105/><U130/><E21/><V66/><F110/><W29/><G64/><T82/><D112/><U111/><E111/><V94/><F114/><W72/><G126/><T33/><D74/><U36/><E130/><V99/><F113/><W13/><G72/><T19/><D134/><U3/><E3/><V88/><F43/><W80/><G54/><T24/><D19/><U48/><REACH who="1" step="1"/><E70/><REACH who="1" ten="202,229,81,478" step="2"/><V123/><F123/><W37/><G32/><N who="0" m="20487" /><D84/><U39/><E39/><V116/><F116/><W135/><G135/><T125/><D82/><N who="3" m="31273" /><G37/><T87/><D87/><U108/><E108/><V10/><F10/><W132/><G132/><T127/><D6/><U1/><E1/><V129/><F129/><W59/><G20/><T96/><D96/><U107/><E107/><V38/><F38/><W16/><G29/><T55/><D55/><AGARI ba="0,1" hai="36,41,45,48,49,50,52,55,56,57,61,120,121,122" machi="55" ten="40,8000,1" yaku="1,1,34,3,54,1,53,0" doraHai="131" doraHaiUra="101" who="1" fromWho="0" sc="202,-80,229,90,81,0,478,0" owari="122,-28,319,12,81,-42,478,58" /></mjloggm>