<mjloggm ver="2.3"><GO type="65" lobby="4720"/><UN n0="%6E%61%6B%6B%61%61" n1="%E7%95%99%E8%90%8C" n2="%67%6F%72%79%75%64%79%6D" n3="%E3%81%B1%E3%81%B5%E3%81%83" dan="1,12,0,1" rate="1465.42,1743.28,1500.00,1365.71" sx="M,M,M,M"/><TAIKYOKU oya="0"/><INIT seed="0,0,0,2,2,69" ten="250,250,250,250" oya="0" hai0="84,2,129,123,57,27,56,51,9,77,68,76,42" hai1="66,99,133,122,114,23,117,50,11,79,116,46,12" hai2="134,17,55,65,24,127,43,101,34,54,8,90,13" hai3="125,64,110,25,119,38,60,30,45,14,94,63,113"/><T7/><D123/><U78/><E122/><V121/><F121/><W0/><G119/><T4/><D2/><U135/><E66/><V5/><F43/><W71/><G113/><T36/><D68/><U26/><E99/><V109/><F109/><W20/><G125/><T31/><D36/><U92/><E92/><V52/><F127/><W131/><G131/><T112/><D112/><U111/><E114/><V16/><F101/><W32/><G110/><T73/><D129/><U87/><E111/><V49/><F49/><W130/><G130/><T41/><D73/><U98/><E98/><V96/><F96/><W1/><G63/><T107/><D107/><U108/><E108/><V62/><F34/><W61/><G61/><T40/><D51/><U126/><E23/><V35/><F35/><W47/><G47/><T102/><D102/><U15/><E26/><V21/><F21/><W104/><G104/><T120/><D120/><U105/><E126/><V58/><F24/><W18/><G94/><T3/><D7/><N who="1" m="3199" /><E105/><V59/><F59/><W74/><REACH who="3" step="1"/><G74/><REACH who="3" ten="250,250,250,240" step="2"/><T89/><D89/><U48/><E116/><V72/><F90/><W128/><G128/><T6/><D6/><U115/><E117/><V100/><F72/><W28/><G28/><T19/><D19/><U29/><E29/><V67/><F100/><W103/><G103/><T39/><D39/><U97/><E115/><V132/><REACH who="2" step="1"/><F65/><REACH who="2" ten="250,250,240,240" step="2"/><W118/><G118/><T124/><D124/><U75/><E75/><V93/><F93/><W88/><G88/><T106/><D106/><U37/><E97/><V86/><F86/><RYUUKYOKU ba="0,2" sc="250,-15,250,-15,240,15,240,15" hai2="5,8,13,16,17,52,54,55,58,62,67,132,134" hai3="0,1,14,18,20,25,30,32,38,45,60,64,71" /><INIT seed="1,1,2,3,0,26" ten="235,235,255,255" oya="1" hai0="8,55,49,79,76,83,71,62,31,123,125,12,80" hai1="69,29,91,64,67,118,119,121,9,4,58,88,108" hai2="57,84,33,73,109,53,124,46,114,14,110,17,102" hai3="39,98,52,89,27,77,93,2,72,15,94,10,16"/><U7/><E69/><V105/><F105/><W112/><G39/><T48/><D31/><U120/><E108/><N who="2" m="41579" /><F102/><W111/><G111/><T6/><D71/><U34/><E58/><V99/><F99/><W32/><G112/><T92/><D125/><U13/><E34/><V103/><F124/><W90/><G2/><T106/><D106/><U28/><E13/><V87/><F73/><W78/><G72/><T63/><D123/><U129/><REACH who="1" step="1"/><E9/><REACH who="1" ten="235,225,255,255" step="2"/><V38/><F57/><W30/><REACH who="3" step="1"/><G52/><REACH who="3" ten="235,225,255,245" step="2"/><T20/><D8/><U81/><E81/><V22/><F33/><W75/><G75/><T50/><D55/><U47/><E47/><V85/><F103/><W3/><G3/><T51/><N who="0" m="12800" /><DORA hai="135" /><T70/><D70/><U43/><E43/><V36/><F53/><W19/><G19/><N who="0" m="10343" /><D6/><U132/><E132/><V41/><F38/><W116/><G116/><T113/><D113/><AGARI ba="1,4" hai="14,17,22,36,41,46,84,85,87,113,114" m="41579" machi="113" ten="40,1300,0" yaku="14,1" doraHai="26,135" who="2" fromWho="0" sc="235,-16,225,0,255,56,245,0" /><INIT seed="2,0,0,1,2,9" ten="219,225,311,245" oya="2" hai0="30,132,40,100,54,61,43,44,25,101,29,41,62" hai1="56,32,124,66,0,133,118,18,123,45,88,57,86" hai2="78,104,39,85,112,113,71,80,50,67,79,59,126" hai3="53,122,63,72,114,83,135,87,19,38,117,52,74"/><V129/><F126/><W21/><G122/><T1/><D1/><U116/><E32/><V95/><F104/><W92/><G117/><T14/><D132/><U58/><E0/><V4/><F4/><W33/><G135/><T10/><D25/><U13/><E45/><V115/><F129/><W11/><G114/><T69/><D69/><U16/><E133/><V5/><F5/><W120/><G120/><T98/><D101/><U64/><E123/><V17/><F17/><N who="1" m="6761" /><E124/><V55/><F39/><W89/><G38/><T107/><D62/><U111/><E111/><V60/><F95/><W82/><G33/><T51/><REACH who="0" step="1"/><D61/><REACH who="0" ten="209,225,311,245" step="2"/><U77/><E118/><V90/><AGARI ba="0,1" hai="50,55,59,60,67,71,78,79,80,85,90,112,113,115" machi="90" ten="30,1500,0" yaku="0,1" doraHai="9" who="2" fromWho="2" sc="209,-5,225,-5,311,25,245,-5" /><INIT seed="2,1,0,2,3,19" ten="204,220,336,240" oya="2" hai0="128,73,126,41,74,72,119,98,100,36,1,42,133" hai1="112,23,64,68,24,57,103,90,75,38,66,82,101" hai2="6,54,13,21,10,122,35,132,33,86,14,59,131" hai3="4,92,25,113,20,7,17,46,104,129,77,43,88"/><V49/><F86/><W2/><G113/><T45/><D1/><U62/><E112/><V71/><F71/><W51/><G129/><T65/><D42/><U118/><E118/><V110/><F122/><W87/><G104/><T3/><D3/><U29/><E38/><V95/><F131/><W18/><G2/><T40/><D40/><U124/><E124/><V83/><F83/><W63/><G63/><T127/><D128/><U61/><REACH who="1" step="1"/><E90/><REACH who="1" ten="204,210,336,240" step="2"/><V108/><F95/><W15/><REACH who="3" step="1"/><G77/><AGARI ba="1,1" hai="23,24,29,57,61,62,64,66,68,75,77,82,101,103" machi="77" ten="40,5200,0" yaku="1,1,2,1,52,1,53,0" doraHai="19" doraHaiUra="9" who="1" fromWho="3" sc="204,0,210,65,336,0,240,-55" /><INIT seed="3,0,0,5,0,99" ten="204,275,336,185" oya="3" hai0="12,19,75,42,46,126,95,89,53,105,128,61,15" hai1="34,14,18,13,45,54,66,73,28,130,35,97,122" hai2="33,10,43,91,107,3,117,87,57,7,82,100,115" hai3="50,85,25,6,119,131,98,114,63,112,1,92,41"/><W47/><G119/><T22/><D75/><U62/><E122/><V36/><F117/><W133/><G133/><T110/><D110/><U104/><E73/><V84/><F57/><W120/><G120/><T21/><D126/><U2/><E2/><V135/><F135/><W9/><G131/><T65/><D128/><U32/><E130/><V51/><F51/><W79/><G25/><T121/><D65/><U11/><E28/><V37/><F33/><W77/><G77/><T68/><D121/><U69/><E54/><V24/><F24/><W116/><G116/><T96/><D68/><U118/><E45/><V4/><F4/><W106/><G106/><T27/><D61/><U17/><E118/><V127/><F127/><W83/><REACH who="3" step="1"/><G63/><REACH who="3" ten="204,275,336,175" step="2"/><T109/><D27/><U93/><E104/><V49/><F49/><W26/><G26/><T129/><D129/><U39/><E39/><V81/><F107/><W124/><G124/><T5/><D53/><U16/><REACH who="1" step="1"/><E11/><REACH who="1" ten="204,265,336,175" step="2"/><V102/><F43/><W58/><G58/><T23/><D23/><U88/><AGARI ba="0,2" hai="13,14,16,17,18,32,34,35,62,66,69,88,93,97" machi="88" ten="40,8000,1" yaku="1,1,2,1,0,1,54,2,53,0" doraHai="99" doraHaiUra="132" who="1" fromWho="1" sc="204,-20,265,100,336,-20,175,-40" owari="184,-22,365,46,316,12,135,-36" /></mjloggm>