<mjloggm ver="2.3"><GO type="137" lobby="0"/><UN n0="%E7%95%99%E8%90%8C" n1="%E4%BB%8A%E6%97%A5%E3%82%82%E6%99%B4%E5%A4%A9" n2="%E6%B0%B4%E6%9C%9B" n3="%4E%61%6F%35%32" dan="12,13,12,11" rate="1768.48,1768.48,1752.03,1835.94" sx="M,M,M,M"/><TAIKYOKU oya="0"/><INIT seed="0,0,0,3,2,54" ten="250,250,250,250" oya="0" hai0="80,56,59,28,2,11,14,24,111,74,108,1,62" hai1="50,128,75,73,132,81,9,8,21,22,129,101,102" hai2="115,114,60,55,10,118,98,29,33,127,17,89,122" hai3="35,64,107,126,109,68,76,71,37,45,40,92,39"/><T85/><D74/><U70/><E70/><V113/><F122/><W19/><G35/><T31/><D1/><U53/><E132/><V84/><F127/><W106/><G126/><T110/><D2/><U86/><E86/><V67/><F98/><W121/><G121/><T96/><D96/><U65/><E50/><V12/><F118/><W5/><G76/><N who="0" m="46215" /><D24/><U97/><E97/><V112/><N who="2" m="29184" /><DORA hai="43" /><V99/><F99/><W135/><G135/><T91/><D91/><U4/><E81/><V123/><F123/><W88/><G5/><N who="0" m="3439" /><D56/><U100/><E53/><AGARI ba="0,0" hai="28,31,53,59,62,108,110,111" m="3439,46215" machi="53" ten="30,5800,0" yaku="14,1,10,1,52,1" doraHai="54,43" who="0" fromWho="1" sc="250,58,250,-58,250,0,250,0" /><INIT seed="0,1,0,1,0,20" ten="308,192,250,250" oya="0" hai0="40,96,49,118,116,39,90,16,71,46,3,36,54" hai1="123,14,57,27,52,110,51,101,132,32,84,76,26" hai2="17,134,74,44,50,11,31,19,2,119,61,5,127" hai3="29,77,38,45,6,47,23,78,92,106,133,91,108"/><T129/><D3/><U53/><E110/><V104/><F74/><W18/><G133/><T107/><D71/><U72/><E32/><V128/><F104/><W102/><G106/><T48/><D107/><U97/><E72/><V58/><F127/><W68/><G68/><T86/><D96/><U63/><E132/><V93/><F134/><W124/><G124/><T112/><D112/><U62/><E123/><V70/><F128/><W24/><G108/><T88/><D129/><U98/><E14/><V105/><F105/><W64/><G64/><T126/><D126/><U114/><E114/><V79/><F70/><W42/><G102/><T85/><D118/><U117/><E117/><V115/><F115/><W121/><G121/><T81/><D116/><U8/><E8/><V135/><F119/><W35/><G6/><T75/><D75/><U0/><E0/><V125/><F125/><W41/><G47/><T66/><D66/><U113/><E113/><V37/><F135/><W1/><G42/><T111/><D111/><U43/><E43/><V13/><F37/><W103/><G103/><T59/><REACH who="0" step="1"/><D16/><REACH who="0" ten="298,192,250,250" step="2"/><U89/><E98/><V30/><F2/><W12/><REACH who="3" step="1"/><G1/><REACH who="3" ten="298,192,250,240" step="2"/><T7/><D7/><U65/><E65/><N who="2" m="39095" /><F5/><W25/><G25/><N who="1" m="9226" /><E101/><V82/><F19/><W28/><G28/><T67/><D67/><U21/><E97/><AGARI ba="1,2" hai="12,18,23,24,29,35,38,41,45,77,78,91,92,97" machi="97" ten="30,3900,0" yaku="1,1,7,1,52,1,53,0" doraHai="20" doraHaiUra="4" who="3" fromWho="1" sc="298,0,192,-42,250,0,240,62" /><INIT seed="1,0,0,3,0,73" ten="298,150,250,302" oya="1" hai0="66,104,47,18,115,26,125,63,28,82,56,4,51" hai1="121,30,116,5,118,86,45,54,67,93,65,102,10" hai2="53,84,36,48,2,42,39,38,79,87,11,16,95" hai3="112,12,17,50,33,1,134,88,129,31,106,117,35"/><U70/><E121/><V85/><F42/><W133/><G112/><T92/><D104/><U21/><E70/><V111/><F111/><W114/><G114/><T74/><D4/><U59/><E118/><V46/><F95/><W101/><G129/><T131/><D115/><U0/><E116/><V132/><F132/><W24/><G1/><T25/><D131/><U119/><E119/><V44/><F44/><W100/><G117/><T7/><D7/><U6/><E6/><V89/><F89/><W98/><G101/><T83/><D125/><U90/><E45/><V27/><F2/><W22/><G35/><T58/><D92/><U127/><E127/><V40/><F53/><W75/><G75/><T103/><D103/><U81/><E30/><V130/><F130/><W105/><G105/><T128/><D128/><U68/><E68/><V19/><F19/><W109/><G109/><T76/><D83/><U34/><E21/><V113/><F113/><W69/><G69/><T15/><D28/><U60/><E34/><V123/><F123/><W122/><G122/><T29/><D56/><U120/><E120/><V71/><F71/><W61/><G61/><T64/><D64/><U97/><AGARI ba="0,0" hai="0,5,10,54,59,60,65,67,81,86,90,93,97,102" machi="97" ten="30,1500,0" yaku="0,1" doraHai="73" who="1" fromWho="1" sc="298,-5,150,15,250,-5,302,-5" /><INIT seed="1,1,0,4,2,68" ten="293,165,245,297" oya="1" hai0="91,23,131,128,33,57,111,83,7,127,24,37,53" hai1="73,107,31,2,109,27,59,38,21,122,76,61,71" hai2="78,66,35,58,84,75,34,94,77,55,110,123,44" hai3="108,32,130,99,134,28,121,48,41,70,113,90,63"/><U117/><E117/><V3/><F123/><W17/><G121/><T6/><D33/><U15/><E122/><V129/><F110/><W56/><G113/><T1/><D111/><U103/><E109/><V54/><F3/><W36/><G108/><T39/><D127/><U60/><E2/><V88/><F129/><N who="0" m="49738" /><D83/><U74/><E15/><V114/><F114/><W126/><G130/><T16/><D91/><U13/><E13/><V47/><F75/><W95/><G134/><T102/><D102/><U20/><E74/><V92/><F66/><W112/><G112/><T50/><D1/><U125/><E125/><V43/><F43/><W65/><G17/><T5/><AGARI ba="1,0" hai="5,6,7,16,23,24,37,39,50,53,57" m="49738" machi="5" ten="30,7900,0" yaku="19,1,52,2,54,1" doraHai="68" who="0" fromWho="0" sc="293,82,165,-40,245,-21,297,-21" /><INIT seed="2,0,0,5,4,25" ten="375,125,224,276" oya="2" hai0="70,51,33,20,69,52,16,46,103,23,93,109,49" hai1="131,18,12,125,9,91,36,78,54,32,26,2,96" hai2="106,86,28,45,79,38,120,67,84,48,6,24,113" hai3="88,42,98,34,22,60,122,58,95,61,8,5,13"/><V77/><F106/><W89/><G122/><T130/><D33/><U100/><E125/><V119/><F119/><W19/><G34/><T102/><D69/><U133/><E133/><V115/><F120/><W17/><G42/><T27/><D70/><U7/><E131/><V101/><F38/><W63/><G89/><T85/><D130/><U53/><E36/><V97/><F67/><W121/><G121/><T0/><D0/><U66/><E78/><V43/><F115/><W1/><REACH who="3" step="1"/><G19/><REACH who="3" ten="375,125,224,266" step="2"/><T75/><D75/><U99/><E91/><V35/><F113/><W4/><G4/><T107/><D107/><U81/><E81/><V71/><F6/><W10/><G10/><T126/><D126/><U111/><E32/><V62/><F71/><W116/><G116/><T108/><D20/><U57/><E2/><V50/><F43/><W59/><AGARI ba="0,1" hai="1,5,8,13,17,22,58,59,60,61,63,88,95,98" machi="59" ten="30,4000,0" yaku="1,1,0,1,54,1,53,0" doraHai="25" doraHaiUra="114" who="3" fromWho="3" sc="375,-10,125,-10,224,-20,266,50" /><INIT seed="3,0,0,1,2,21" ten="365,115,204,316" oya="3" hai0="65,59,3,35,72,126,98,135,110,38,43,83,19" hai1="111,7,14,128,57,32,130,70,36,120,50,107,78" hai2="1,64,16,82,60,41,132,62,124,26,29,42,102" hai3="48,105,45,87,84,75,33,67,54,93,68,0,109"/><W101/><G75/><T76/><D3/><U95/><E111/><V97/><F1/><W81/><G0/><T63/><D35/><U71/><E120/><V34/><F124/><W134/><G134/><T24/><D110/><U77/><E107/><V27/><F132/><W58/><G109/><T123/><D135/><U88/><E32/><V121/><F121/><W73/><G73/><T131/><D126/><U117/><E36/><V47/><F82/><W112/><G112/><T92/><D123/><U56/><E7/><V114/><F114/><W40/><G33/><T8/><D131/><N who="1" m="50219" /><E14/><V28/><F16/><W10/><G10/><T13/><D24/><U74/><E74/><V99/><F47/><W30/><G30/><T55/><D65/><U37/><E37/><V4/><F4/><W118/><G118/><T127/><BYE who="3" /><D127/><UN n3="%4E%61%6F%35%32" /><U31/><E31/><N who="2" m="11851" /><F34/><W94/><G105/><T69/><D69/><N who="1" m="26123" /><E50/><V100/><F64/><W51/><G87/><T25/><D43/><N who="2" m="16394" /><F99/><W12/><G12/><T125/><D125/><U91/><E95/><N who="2" m="58431" /><F102/><W106/><G101/><T20/><D38/><U66/><E66/><V122/><F122/><W9/><G106/><T115/><D115/><U53/><E53/><V18/><F18/><W79/><G9/><T15/><D98/><U108/><E108/><V129/><F129/><W23/><G23/><T49/><D92/><U116/><E78/><V103/><F103/><W119/><G119/><N who="1" m="45642" /><E77/><V113/><F113/><W90/><G79/><T5/><D25/><AGARI ba="0,0" hai="25,26,27,60,62" m="58431,16394,11851" machi="25" ten="30,7700,0" yaku="8,1,52,3" doraHai="21" who="2" fromWho="0" sc="365,-77,115,0,204,77,316,0" /><INIT seed="4,0,0,1,5,74" ten="288,115,281,316" oya="0" hai0="104,29,105,117,51,96,32,52,100,16,21,113,134" hai1="93,97,57,59,132,87,24,106,22,116,124,3,0" hai2="75,8,60,58,66,121,85,61,33,108,49,55,98" hai3="44,101,109,120,90,99,128,79,119,126,72,129,80"/><T111/><D117/><U1/><E116/><V2/><F121/><W123/><G44/><T135/><D104/><U81/><E124/><V23/><F108/><W112/><G119/><T40/><D111/><U62/><E132/><N who="0" m="50729" /><D113/><U70/><E106/><V114/><F33/><W68/><G68/><T77/><D40/><U30/><E70/><V20/><F114/><W95/><G109/><T26/><D77/><U56/><E81/><V25/><F75/><W71/><G71/><T131/><D131/><N who="3" m="50249" /><G112/><T50/><D52/><U18/><E87/><V10/><F98/><W34/><G34/><T78/><D78/><U53/><REACH who="1" step="1"/><E30/><REACH who="1" ten="288,105,281,316" step="2"/><V82/><F85/><N who="3" m="52687" /><G126/><T11/><D11/><N who="2" m="4138" /><F82/><W36/><G36/><T43/><D43/><U125/><E125/><V88/><F2/><W35/><G35/><T76/><D76/><U54/><E54/><V86/><F86/><W5/><G5/><T92/><D105/><AGARI ba="0,1" hai="72,79,80,99,101,105,120,123" m="52687,50249" machi="105" ten="30,8000,1" yaku="24,1,19,1,34,2,52,1" doraHai="74" who="3" fromWho="0" sc="288,-80,105,0,281,0,316,90" /><INIT seed="5,0,0,2,4,22" ten="208,105,281,406" oya="1" hai0="83,10,94,107,56,12,101,4,112,111,60,35,34" hai1="50,95,24,135,98,27,32,64,126,77,0,129,133" hai2="45,29,105,19,5,1,55,67,116,114,7,16,30" hai3="46,125,134,53,127,6,62,119,85,68,13,130,106"/><U128/><E77/><V103/><F116/><W33/><G33/><T124/><D111/><U37/><E37/><V52/><F67/><W81/><G134/><N who="1" m="51210" /><E32/><V123/><F123/><W72/><G130/><N who="1" m="50282" /><E0/><V75/><F75/><W49/><G72/><T110/><D110/><U82/><E64/><V2/><F45/><W23/><G106/><T73/><D124/><U118/><E118/><V17/><F105/><W66/><G119/><T61/><D112/><U8/><E8/><V132/><F132/><W48/><G48/><T113/><D113/><U84/><E50/><V70/><F114/><W104/><G104/><T63/><D107/><U93/><E82/><V42/><F42/><W25/><G13/><T65/><D73/><U14/><E14/><V92/><F92/><N who="1" m="35401" /><E84/><V28/><F70/><W40/><G6/><N who="2" m="2057" /><F103/><W18/><REACH who="3" step="1"/><G40/><REACH who="3" ten="208,105,281,396" step="2"/><T89/><D4/><U71/><E71/><V122/><F122/><W20/><G20/><T47/><D12/><U91/><E126/><V117/><F117/><W86/><G86/><T96/><D10/><U108/><E108/><V87/><F87/><W90/><AGARI ba="0,1" hai="18,23,25,46,49,53,62,66,68,81,85,90,125,127" machi="90" ten="30,4000,0" yaku="1,1,0,1,52,1,53,0" doraHai="22" doraHaiUra="99" who="3" fromWho="3" sc="208,-10,105,-20,281,-10,396,50" /><INIT seed="6,0,0,3,5,72" ten="198,85,271,446" oya="2" hai0="37,96,121,43,114,48,51,25,38,58,35,54,12" hai1="74,31,99,133,13,40,15,42,130,122,41,63,135" hai2="62,86,23,108,16,92,91,28,26,22,0,53,132" hai3="127,115,94,95,32,76,71,36,88,89,129,83,102"/><V34/><F0/><W124/><G32/><T80/><D121/><U104/><E74/><V67/><F132/><N who="1" m="50761" /><E31/><V5/><F5/><W118/><G36/><T78/><D96/><U101/><E122/><V1/><F1/><W9/><G71/><T64/><D12/><N who="1" m="4683" /><E130/><V2/><F2/><W65/><G9/><T87/><D35/><U100/><E100/><V70/><F108/><W61/><G118/><T112/><D25/><U123/><E123/><V57/><REACH who="2" step="1"/><F16/><REACH who="2" ten="198,85,261,446" step="2"/><W117/><G117/><T68/><D37/><U17/><E17/><V77/><F77/><W109/><G109/><T20/><D38/><U90/><E63/><AGARI ba="0,1" hai="22,23,26,28,34,53,57,62,63,67,70,86,91,92" machi="63" ten="30,11600,0" yaku="1,1,7,1,53,2" doraHai="72" doraHaiUra="59" who="2" fromWho="1" sc="198,0,85,-116,261,126,446,0" owari="198,-20,-31,-53,387,19,446,54" /></mjloggm>