<mjloggm ver="2.3"><GO type="137" lobby="0"/><UN n0="%E7%95%99%E8%90%8C" n1="%E3%81%99%E3%81%9A%E3%82%81%EF%BC%94%EF%BC%90%EF%BC%99%EF%BC%94%EF%BC%98" n2="%E3%82%AB%E3%83%83%E3%83%91%E3%83%94%E3%82%A2" n3="%52%75%6E%61%52%75%6E%61" dan="12,12,11,11" rate="1753.10,1786.69,1701.90,1611.43" sx="M,M,M,F"/><TAIKYOKU oya="0"/><INIT seed="0,0,0,1,1,69" ten="250,250,250,250" oya="0" hai0="46,16,88,22,119,74,10,98,43,94,111,100,105" hai1="87,55,112,1,101,102,97,106,83,28,23,39,6" hai2="90,7,93,95,116,2,123,127,14,15,0,71,40" hai3="56,31,82,44,129,57,12,21,59,58,37,38,32"/><T125/><D119/><U122/><E122/><V130/><F116/><W33/><G129/><T25/><D74/><U75/><E39/><V8/><F130/><W115/><G115/><T27/><D27/><U68/><E68/><V73/><F73/><W5/><N who="3" m="14848" /><DORA hai="54" /><W99/><G44/><T13/><D111/><U41/><E41/><V35/><F35/><W70/><G70/><T52/><D125/><U66/><E66/><V26/><F71/><W121/><G121/><T77/><D77/><U63/><E55/><V65/><F127/><W34/><G82/><T117/><D117/><U17/><E63/><V128/><F128/><W120/><G120/><T51/><D43/><U42/><E42/><V86/><F40/><W50/><G50/><T103/><REACH who="0" step="1"/><D105/><REACH who="0" ten="240,250,250,250" step="2"/><U3/><E106/><V109/><F26/><W64/><G64/><T78/><D78/><U24/><E75/><V72/><F65/><W76/><G76/><T92/><D92/><U81/><E112/><V53/><F95/><W67/><G67/><T47/><D47/><U30/><E102/><V124/><F72/><W89/><G5/><AGARI ba="0,1" hai="5,10,13,16,22,25,46,51,52,88,94,98,100,103" machi="5" ten="30,24000,3" yaku="1,1,7,1,8,1,54,3,53,2" doraHai="69,54" doraHaiUra="18,20" who="0" fromWho="3" sc="240,250,250,0,250,0,250,-240" /><INIT seed="0,1,0,1,0,117" ten="490,250,250,10" oya="0" hai0="19,21,82,72,107,124,29,100,75,99,63,57,10" hai1="2,76,112,38,110,18,94,119,66,122,52,44,109" hai2="34,89,4,93,14,105,31,69,51,103,11,98,58" hai3="96,9,17,131,35,126,42,127,56,106,73,111,50"/><T115/><D115/><U41/><E2/><V20/><F69/><W80/><G35/><T104/><D124/><N who="3" m="47657" /><G131/><T5/><D29/><U45/><E76/><V84/><F34/><W133/><G133/><T101/><D75/><U79/><E79/><V23/><F31/><W36/><G73/><T15/><D72/><U24/><E94/><V39/><F39/><W67/><G80/><T118/><D118/><U49/><E18/><V27/><REACH who="2" step="1"/><F27/><REACH who="2" ten="490,250,240,10" step="2"/><W6/><G111/><N who="1" m="42506" /><E24/><V25/><F25/><W40/><G36/><T28/><D28/><U78/><E119/><V71/><F71/><W87/><G106/><T61/><D107/><U3/><E3/><V22/><F22/><W102/><G87/><T33/><D33/><U12/><E12/><V32/><F32/><W68/><G17/><T125/><D104/><U48/><E78/><V60/><F60/><N who="3" m="38279" /><G68/><T83/><D63/><U30/><E30/><V85/><F85/><W46/><G102/><T121/><D101/><U86/><E86/><V128/><F128/><W116/><G96/><T123/><D125/><U90/><E122/><V108/><F108/><W0/><G116/><T26/><D123/><U13/><E13/><V81/><F81/><W91/><G91/><T95/><D121/><U7/><E112/><V129/><F129/><W130/><G130/><T53/><AGARI ba="1,1" hai="5,10,15,19,21,26,53,57,61,82,83,95,99,100" machi="53" ten="20,3900,0" yaku="0,1,7,1,8,1" doraHai="117" who="0" fromWho="0" sc="490,52,250,-14,240,-14,10,-14" owari="542,63,236,4,226,-17,-4,-50" /></mjloggm>