<mjloggm ver="2.3"><GO type="137" lobby="0"/><UN n0="%78%69%6E%67%35%31%39%33" n1="%56%45%53%54%41%31%30%31" n2="%E7%95%99%E8%90%8C" n3="%72%6F%6E%75" dan="13,12,12,11" rate="1790.18,1706.33,1745.20,1574.12" sx="M,M,M,M"/><TAIKYOKU oya="0"/><INIT seed="0,0,0,5,3,91" ten="250,250,250,250" oya="0" hai0="27,3,74,133,113,17,45,23,44,73,126,99,105" hai1="62,111,64,18,25,7,114,96,20,65,1,85,117" hai2="94,88,108,119,97,67,90,60,79,29,103,16,55" hai3="83,121,95,15,82,14,11,93,2,129,4,43,0"/><T52/><D113/><U98/><E117/><V63/><F29/><W115/><G115/><T130/><D3/><U51/><E111/><V78/><F119/><W92/><G92/><T77/><D126/><U42/><E114/><V41/><F41/><W80/><G43/><T127/><D127/><U28/><E65/><V31/><F31/><W24/><G121/><T33/><D33/><U5/><E1/><V38/><F38/><W53/><G129/><T56/><D130/><U116/><E116/><V71/><F108/><W32/><G32/><T107/><D133/><U89/><E42/><V50/><F79/><W128/><G128/><T120/><D120/><U112/><E112/><V109/><F109/><W35/><G35/><T22/><D74/><U134/><E134/><V49/><F78/><W37/><G37/><T125/><D125/><U54/><E62/><V75/><F75/><W9/><G83/><T36/><D36/><U106/><E106/><V66/><F66/><W72/><G72/><T8/><D8/><U100/><E100/><V69/><F69/><W19/><G4/><N who="1" m="1610" /><E64/><V131/><F16/><W86/><G19/><T57/><D77/><U84/><E28/><V87/><F131/><W110/><G110/><T39/><D73/><U21/><E21/><V76/><F76/><W59/><G24/><N who="0" m="14415" /><D39/><U135/><E85/><V12/><F12/><W70/><G86/><T34/><D34/><U102/><E102/><V6/><F6/><W81/><G70/><T132/><D107/><U122/><E122/><V58/><F103/><W68/><G68/><T48/><D132/><RYUUKYOKU ba="0,0" sc="250,-10,250,-10,250,30,250,-10" hai2="49,50,55,58,60,63,67,71,87,88,90,94,97" /><INIT seed="1,1,0,5,2,1" ten="240,240,280,240" oya="1" hai0="54,116,97,98,96,67,95,132,14,75,78,39,55" hai1="48,71,53,2,51,40,3,93,47,99,24,106,45" hai2="134,111,125,33,59,18,84,122,7,77,79,27,38" hai3="100,25,128,10,90,130,57,89,119,32,50,34,58"/><U21/><E106/><V88/><F38/><W120/><G25/><T115/><D116/><U0/><E71/><V15/><F122/><W49/><G119/><T126/><D115/><U61/><E61/><V72/><F72/><W73/><G73/><T124/><D39/><U70/><E70/><V87/><F33/><W83/><G120/><T43/><D43/><U22/><REACH who="1" step="1"/><E24/><REACH who="1" ten="240,230,280,240" step="2"/><V112/><F27/><W46/><G100/><AGARI ba="1,1" hai="0,2,3,21,22,40,45,47,48,51,53,93,99,100" machi="100" ten="40,3900,0" yaku="1,1,2,1,53,0" doraHai="1" doraHaiUra="121" who="1" fromWho="3" sc="240,0,230,52,280,0,240,-42" /><INIT seed="1,2,0,3,3,25" ten="240,282,280,198" oya="1" hai0="68,129,9,57,78,77,104,131,30,11,96,55,92" hai1="0,65,13,132,59,117,37,27,49,130,126,115,14" hai2="80,52,61,56,84,6,127,125,71,67,1,22,82" hai3="46,94,15,21,105,40,60,76,81,28,113,26,90"/><U43/><E117/><V3/><F22/><W106/><G113/><T114/><D68/><U74/><E115/><V44/><F44/><W123/><G123/><T31/><D114/><U54/><E74/><V47/><F47/><W12/><G60/><N who="0" m="35903" /><D104/><U120/><E0/><V23/><F23/><W109/><G109/><T39/><D39/><U18/><E120/><V7/><F71/><W122/><G122/><T75/><D75/><U17/><E132/><V63/><F63/><W48/><G105/><T16/><D9/><U5/><E130/><N who="0" m="49673" /><D77/><U33/><E126/><N who="2" m="48139" /><F67/><W70/><G70/><T95/><D78/><U19/><E5/><N who="2" m="1547" /><F80/><W101/><G106/><T108/><D108/><U72/><E72/><V91/><AGARI ba="2,0" hai="1,3,52,56,61,82,84,91" m="1547,48139" machi="91" ten="30,2000,0" yaku="18,1,54,1" doraHai="25" who="2" fromWho="2" sc="240,-7,282,-12,280,26,198,-7" /><INIT seed="2,0,0,5,3,2" ten="233,270,306,191" oya="2" hai0="122,52,1,0,110,53,71,60,16,56,13,18,63" hai1="92,114,86,6,100,7,39,85,67,28,120,83,34" hai2="58,131,70,102,12,126,26,98,17,69,80,104,109" hai3="65,14,105,8,55,50,42,74,101,116,128,82,87"/><V43/><F26/><W132/><G116/><T57/><D122/><U89/><E39/><V37/><F80/><W36/><G128/><T84/><D110/><U77/><E114/><V133/><F131/><W62/><G132/><T78/><D71/><U107/><E67/><V79/><F79/><W81/><G101/><T48/><D78/><U35/><E120/><V121/><F121/><W73/><G105/><T9/><D84/><U3/><E3/><V29/><F29/><W124/><G124/><T118/><D118/><U30/><E35/><V76/><F76/><W123/><G123/><T96/><D96/><N who="1" m="59399" /><E34/><V130/><F130/><W32/><G32/><T45/><REACH who="0" step="1"/><D18/><REACH who="0" ten="223,270,306,191" step="2"/><U90/><E107/><V19/><F109/><W88/><G73/><T24/><D24/><U25/><E77/><V113/><F19/><W95/><G74/><T15/><D15/><U21/><E30/><V106/><F17/><W68/><G68/><T40/><AGARI ba="0,1" hai="0,1,9,13,16,40,45,48,52,53,56,57,60,63" machi="40" ten="20,12000,2" yaku="1,1,0,1,7,1,9,1,54,2,53,0" doraHai="2" doraHaiUra="97" who="0" fromWho="0" sc="223,130,270,-30,306,-60,191,-30" /><INIT seed="3,0,0,0,1,57" ten="353,240,246,161" oya="3" hai0="13,15,128,125,16,51,103,10,70,56,123,117,33" hai1="108,118,26,105,38,98,53,28,63,121,47,23,55" hai2="44,130,116,4,34,2,124,37,85,100,102,59,27" hai3="115,7,5,122,114,109,134,60,65,89,11,36,42"/><W18/><G122/><T75/><D75/><U12/><E121/><V131/><F116/><W135/><G42/><T66/><D123/><U48/><E108/><V97/><F85/><W64/><G36/><T119/><D70/><U20/><E38/><V45/><F59/><W113/><G109/><T41/><D33/><U129/><E129/><N who="2" m="49163" /><F124/><W73/><G73/><T133/><D125/><U81/><E118/><V67/><F67/><W99/><G65/><T3/><D3/><U127/><E105/><N who="2" m="63631" /><F102/><W87/><G99/><T106/><D106/><U95/><E127/><V74/><F74/><W54/><G54/><T25/><D103/><U126/><E81/><V77/><F77/><W110/><G110/><T30/><D41/><U90/><E126/><V94/><F94/><W112/><G112/><T120/><D120/><U80/><E80/><V92/><F92/><N who="3" m="54335" /><G18/><T69/><D69/><U32/><E12/><V24/><F4/><N who="3" m="1611" /><G11/><T96/><D128/><U82/><E82/><V93/><F93/><W79/><G79/><T46/><D66/><U17/><E17/><V14/><F14/><W61/><G64/><T9/><D56/><N who="1" m="35215" /><E32/><V86/><F34/><W84/><G84/><T58/><D58/><U43/><E20/><V39/><F86/><W6/><N who="3" m="1619" /><W107/><DORA hai="91" /><G107/><T62/><D117/><U0/><E0/><V68/><F2/><W49/><G49/><T111/><D119/><U8/><E8/><V19/><F68/><W50/><G50/><T78/><D111/><U104/><E104/><V83/><F19/><W132/><AGARI ba="0,0" hai="60,61,113,114,115,132,134,135" m="1619,54335" machi="132" ten="50,12000,1" yaku="20,1,52,3" doraHai="57,91" who="3" fromWho="3" sc="353,-40,240,-40,246,-40,161,120" /><INIT seed="3,1,0,4,4,1" ten="313,200,206,281" oya="3" hai0="42,76,65,121,34,64,54,110,31,75,39,50,123" hai1="4,93,17,61,96,68,87,48,82,56,133,10,16" hai2="27,21,44,77,129,90,46,99,72,83,8,74,0" hai3="85,81,101,12,91,26,51,71,40,135,49,7,60"/><W109/><G135/><T105/><D105/><U57/><E68/><V67/><F67/><N who="0" m="25674" /><D76/><U58/><E133/><V15/><F129/><W92/><G109/><T59/><D75/><U69/><E69/><V37/><F0/><W43/><G71/><T120/><D31/><U38/><E38/><V97/><F72/><W84/><G60/><T100/><D100/><U47/><E61/><V52/><F27/><W104/><G104/><T125/><D34/><U41/><E93/><V132/><F132/><W23/><G101/><T115/><D110/><U78/><REACH who="1" step="1"/><E96/><REACH who="1" ten="313,190,206,281" step="2"/><V66/><F37/><W3/><G3/><AGARI ba="1,1" hai="3,4,10,16,17,41,47,48,56,57,58,78,82,87" machi="3" ten="40,8000,1" yaku="1,1,2,1,52,1,54,1,53,0" doraHai="1" doraHaiUra="119" who="1" fromWho="3" sc="313,0,190,93,206,0,281,-83" /><INIT seed="4,0,0,1,5,103" ten="313,283,206,198" oya="0" hai0="111,131,87,73,133,11,10,49,114,88,71,32,125" hai1="21,118,124,4,80,13,119,102,33,54,43,90,20" hai2="79,135,65,67,74,9,57,66,2,72,83,92,45" hai3="26,77,98,35,25,22,58,63,108,109,41,47,132"/><T101/><D71/><U7/><E102/><V15/><F2/><W126/><G132/><T30/><D73/><U89/><E43/><V12/><F135/><W56/><G126/><T51/><D133/><U27/><E54/><V128/><F45/><W70/><G35/><T123/><D123/><U113/><E80/><V112/><F92/><W121/><G121/><T29/><D125/><U53/><E53/><V106/><F106/><W39/><G70/><T107/><D107/><U84/><E84/><V69/><F128/><W94/><G77/><T50/><D101/><U105/><E105/><V36/><F36/><W55/><G56/><T14/><D131/><U52/><E124/><V16/><F112/><W31/><REACH who="3" step="1"/><G25/><REACH who="3" ten="313,283,206,188" step="2"/><T120/><D120/><U42/><E113/><V115/><F69/><W19/><G19/><T81/><D114/><U8/><E42/><V38/><F38/><W110/><G110/><T134/><D111/><U75/><E75/><V82/><F115/><W17/><G17/><N who="0" m="8407" /><D32/><U37/><E37/><V130/><F130/><W44/><G44/><T61/><D134/><U3/><E90/><AGARI ba="0,1" hai="22,26,31,39,41,47,55,58,63,90,94,98,108,109" machi="90" ten="30,3900,0" yaku="1,1,7,1,53,1" doraHai="103" doraHaiUra="68" who="3" fromWho="1" sc="313,0,283,-39,206,0,188,49" /><INIT seed="5,0,0,3,2,31" ten="313,244,206,237" oya="1" hai0="119,43,85,37,70,121,105,0,114,65,92,29,96" hai1="38,75,135,51,125,71,97,123,72,17,109,122,54" hai2="104,24,118,108,111,89,56,62,68,39,127,102,61" hai3="6,98,3,42,67,19,113,82,50,33,4,84,116"/><U60/><E17/><V134/><F39/><W83/><G116/><T16/><D119/><U130/><E97/><V2/><F2/><W28/><G98/><T73/><D73/><U40/><E75/><V107/><F118/><W58/><G113/><T76/><D0/><U64/><E72/><V77/><F77/><W131/><G131/><T80/><D105/><U53/><E109/><V90/><F24/><W106/><G106/><T93/><D29/><U34/><E34/><V124/><BYE who="1" /><F56/><UN n1="%56%45%53%54%41%31%30%31" /><W41/><G58/><T48/><D37/><U22/><E22/><V100/><REACH who="2" step="1"/><F134/><REACH who="2" ten="313,244,196,237" step="2"/><W94/><G3/><T20/><D114/><U129/><E135/><V110/><F110/><W126/><G28/><T133/><D133/><U88/><E88/><V132/><F132/><W95/><G4/><T59/><D59/><N who="1" m="33215" /><E125/><V14/><F14/><W1/><G126/><T12/><D70/><AGARI ba="0,1" hai="61,62,68,70,89,90,100,102,104,107,108,111,124,127" machi="70" ten="25,3200,0" yaku="1,1,22,2,53,0" doraHai="31" doraHaiUra="30" who="2" fromWho="0" sc="313,-32,244,0,196,42,237,0" /><INIT seed="6,0,0,5,5,59" ten="281,244,238,237" oya="2" hai0="125,56,14,53,134,61,5,37,102,16,93,98,20" hai1="103,17,18,120,24,32,90,128,112,48,96,123,82" hai2="79,29,39,80,0,110,51,6,49,68,15,131,36" hai3="91,64,72,74,1,50,4,38,52,77,7,100,2"/><V35/><F68/><W60/><G38/><T132/><D125/><U67/><E112/><V46/><F131/><W31/><G100/><T62/><D37/><U25/><E128/><V70/><F70/><W124/><G124/><T40/><D40/><U106/><E48/><V27/><F0/><W12/><G31/><T104/><D5/><U28/><E24/><V88/><F110/><W94/><G77/><T11/><D11/><U8/><E8/><V129/><F129/><W127/><G127/><T55/><D104/><U66/><E90/><V57/><F57/><AGARI ba="0,0" hai="14,16,20,53,55,56,57,61,62,93,98,102,132,134" machi="57" ten="40,8000,1" yaku="9,1,52,2,54,1" doraHai="59" who="0" fromWho="2" sc="281,80,244,0,238,-80,237,0" /><INIT seed="7,0,0,4,4,56" ten="361,244,158,237" oya="3" hai0="97,37,115,108,126,98,91,13,33,117,86,130,125" hai1="87,67,81,10,0,65,88,3,134,23,127,104,77" hai2="2,102,26,76,109,11,112,92,121,63,85,111,114" hai3="41,50,118,110,25,22,30,89,54,129,64,70,14"/><W69/><G118/><T19/><D117/><U1/><E134/><V62/><F26/><W34/><G110/><T43/><D33/><U6/><E127/><N who="0" m="48649" /><D108/><U105/><E23/><V75/><F2/><W39/><G129/><T28/><D28/><U103/><E77/><V8/><F75/><W84/><G41/><T119/><D119/><U5/><E103/><V113/><F76/><W55/><G39/><T48/><D37/><U35/><E35/><V73/><F73/><W124/><G124/><T36/><D36/><U90/><E5/><V45/><F45/><W61/><G70/><T17/><D130/><U120/><E87/><V16/><F102/><W57/><G55/><T40/><D115/><U122/><E6/><V79/><F79/><W133/><G133/><T101/><D19/><U59/><E59/><V60/><F92/><W74/><G74/><T116/><D48/><U47/><E47/><V94/><F121/><N who="1" m="46697" /><E10/><N who="2" m="3627" /><F16/><N who="3" m="10519" /><G84/><T46/><D46/><U72/><E81/><V100/><F85/><W49/><G89/><N who="1" m="34410" /><E72/><V7/><F7/><W4/><G69/><T131/><D131/><U32/><E32/><V58/><F58/><N who="3" m="36919" /><G4/><T71/><D71/><U52/><E52/><V51/><F51/><W44/><G34/><T9/><D116/><U12/><E12/><V132/><F132/><W42/><G30/><T21/><D40/><U95/><E95/><V29/><F29/><W20/><G20/><T107/><D21/><U78/><E78/><V83/><F83/><W38/><G38/><T96/><D43/><U93/><E93/><AGARI ba="0,0" hai="9,13,17,86,91,93,96,97,98,101,107" m="48649" machi="93" ten="30,1000,0" yaku="18,1" doraHai="56" who="0" fromWho="1" sc="361,10,244,-10,158,0,237,0" owari="371,47,234,-17,158,-34,237,4" /></mjloggm>