<mjloggm ver="2.3"><GO type="9" lobby="4291"/><UN n0="%E7%95%99%E8%90%8C" n1="%E3%81%B1%E3%81%B5%E3%81%83" n2="%6E%61%6B%6B%61%61" n3="%E3%81%B0%E3%81%A3%E3%81%8F%E3%81%99" dan="12,1,0,5" rate="1734.97,1358.48,1500.00,1424.56" sx="M,M,M,M"/><TAIKYOKU oya="0"/><INIT seed="0,0,0,0,3,53" ten="250,250,250,250" oya="0" hai0="91,102,87,123,12,95,3,25,132,13,52,133,40" hai1="10,47,79,125,39,111,117,68,73,2,30,109,71" hai2="14,108,7,121,8,100,0,32,42,51,97,129,65" hai3="20,60,115,96,124,104,114,58,101,78,66,85,38"/><T93/><D123/><U103/><E117/><V72/><F121/><W31/><G114/><T76/><D3/><U80/><E103/><V110/><F0/><W118/><G115/><T69/><D69/><U15/><E15/><V9/><F32/><W88/><G118/><T41/><D25/><U63/><E63/><V120/><F120/><W46/><G124/><T34/><D34/><U4/><E30/><V11/><F7/><W113/><G113/><T112/><D112/><U5/><E125/><V86/><F14/><W1/><G1/><T126/><D13/><U27/><E27/><V62/><F65/><W84/><G38/><T131/><D12/><U75/><E75/><V54/><F72/><W70/><G46/><T130/><D126/><U67/><E67/><V36/><F36/><W119/><G119/><T122/><D122/><U16/><E4/><V106/><F86/><W21/><G31/><T26/><D26/><U99/><E99/><V98/><F129/><N who="0" m="49162" /><D52/><U105/><E16/><V90/><F106/><W127/><G127/><T77/><D40/><N who="1" m="22943" /><E105/><N who="2" m="63631" /><F42/><W135/><G135/><N who="0" m="51787" /><D41/><U82/><E82/><V83/><F62/><W35/><G35/><T23/><D23/><N who="3" m="8777" /><G70/><AGARI ba="0,0" hai="2,5,10,68,70,71,73,79,80,109,111" m="22943" machi="70" ten="30,2000,0" yaku="25,1,23,1" doraHai="53" who="1" fromWho="3" sc="250,0,250,20,250,0,250,-20" /><INIT seed="1,0,0,3,3,55" ten="250,270,250,230" oya="1" hai0="6,130,53,17,61,14,34,102,85,108,12,30,11" hai1="104,0,70,58,62,89,101,106,1,134,97,36,86" hai2="4,100,26,66,77,24,46,103,95,37,54,5,3" hai3="120,16,125,63,114,110,35,124,80,9,121,41,76"/><U112/><E134/><V133/><F133/><W99/><G63/><T79/><D102/><U7/><E112/><V48/><F37/><W88/><G41/><T23/><D79/><U57/><E7/><V126/><F77/><W28/><G9/><T73/><D73/><U33/><E36/><V56/><F3/><W135/><G35/><T72/><D72/><U109/><E106/><V83/><F126/><N who="3" m="48747" /><G28/><T111/><D85/><U69/><E109/><N who="0" m="42057" /><D130/><U107/><E107/><V87/><F95/><N who="3" m="56807" /><G114/><T90/><D90/><U75/><E75/><V116/><F116/><W50/><G50/><T96/><D96/><U118/><E33/><V29/><F29/><W132/><G110/><T65/><D53/><U64/><E70/><V115/><F115/><W127/><N who="3" m="48755" /><W52/><DORA hai="119" /><G52/><T131/><D131/><U84/><E118/><V105/><F105/><W98/><G16/><T43/><D43/><U42/><E84/><V113/><F113/><W81/><G98/><T45/><D45/><U122/><E122/><N who="3" m="47210" /><G81/><T71/><D34/><U49/><E42/><N who="2" m="24663" /><F66/><W18/><G18/><T91/><D91/><U93/><REACH who="1" step="1"/><E49/><REACH who="1" ten="250,260,250,230" step="2"/><N who="2" m="30799" /><F87/><AGARI ba="0,1" hai="76,80,87,132,135" m="47210,56807,48755" machi="87" ten="50,12000,2" yaku="18,1,34,2,52,3,54,1" doraHai="55,119" who="3" fromWho="2" sc="250,0,260,0,250,-120,230,130" /><INIT seed="2,0,0,5,4,107" ten="250,260,130,360" oya="2" hai0="98,105,108,21,79,62,66,111,69,84,83,122,121" hai1="80,39,15,45,56,10,6,77,52,123,42,112,74" hai2="128,118,109,127,30,64,19,13,54,60,96,87,65" hai3="116,94,12,126,132,46,37,130,22,68,88,59,14"/><V53/><F118/><W16/><G68/><T26/><D105/><U120/><REACH who="1" step="1"/><E112/><REACH who="1" ten="250,250,130,360" step="2"/><V104/><F104/><W131/><G116/><T85/><D98/><U70/><E70/><V63/><F30/><W103/><G59/><T31/><REACH who="0" step="1"/><D85/><REACH who="0" ten="240,250,130,360" step="2"/><U95/><E95/><V51/><F87/><N who="3" m="52511" /><G126/><T29/><D29/><U72/><E72/><V97/><F127/><W55/><G55/><N who="2" m="21001" /><F109/><AGARI ba="0,2" hai="21,26,31,62,66,69,79,83,84,108,109,111,121,122" machi="109" ten="40,5200,0" yaku="1,1,14,1,53,1" doraHai="107" doraHaiUra="24" who="0" fromWho="2" sc="240,72,250,0,130,-52,360,0" /><INIT seed="3,0,0,0,4,82" ten="312,250,78,360" oya="3" hai0="3,28,42,21,97,68,11,76,113,92,56,18,110" hai1="99,20,107,134,47,74,14,44,64,115,129,93,51" hai2="90,45,10,4,94,58,22,80,48,17,79,96,43" hai3="19,72,16,32,73,77,31,122,109,127,66,135,63"/><W120/><G122/><T103/><D68/><U104/><E115/><V118/><F118/><W117/><G120/><T98/><D42/><U26/><E134/><V91/><F58/><W0/><G66/><T71/><D71/><U9/><E129/><V41/><F17/><W84/><G63/><T133/><D133/><U114/><E114/><V40/><F22/><W69/><G117/><T49/><D76/><U46/><E74/><V1/><REACH who="2" step="1"/><F90/><REACH who="2" ten="312,250,68,360" step="2"/><W5/><G69/><T121/><D56/><U75/><E75/><AGARI ba="0,1" hai="1,4,10,40,41,43,45,48,75,79,80,91,94,96" machi="75" ten="30,3900,0" yaku="1,1,2,1,7,1,53,0" doraHai="82" doraHaiUra="111" who="2" fromWho="1" sc="312,0,250,-39,68,49,360,0" /><INIT seed="4,0,0,2,5,56" ten="312,211,117,360" oya="0" hai0="37,90,61,126,34,127,15,16,68,11,113,28,87" hai1="33,64,85,70,21,112,76,92,52,82,83,81,1" hai2="44,94,66,119,60,123,111,36,125,22,29,121,40" hai3="71,51,117,4,31,69,27,5,88,8,62,41,115"/><T74/><D37/><U59/><E1/><V30/><F22/><W116/><G41/><T38/><D74/><U101/><E112/><V48/><F121/><W97/><G51/><T122/><D38/><U65/><E33/><V39/><F36/><W89/><G117/><T7/><D122/><U67/><E70/><V106/><F39/><W46/><G71/><T80/><D113/><U58/><E101/><V131/><F106/><W17/><G69/><T54/><D34/><U25/><E92/><V86/><F123/><W73/><G73/><T13/><D28/><U134/><E134/><V32/><F32/><W107/><G116/><T49/><D126/><U2/><E2/><V96/><F111/><W45/><G115/><T108/><D127/><U99/><E99/><V55/><F125/><W20/><G107/><T26/><D108/><U103/><E103/><V12/><F119/><W77/><G77/><T124/><D124/><U100/><E100/><V50/><F131/><W75/><G75/><T14/><D68/><U128/><E128/><V6/><F12/><N who="0" m="4714" /><D61/><U110/><E110/><V135/><F135/><W42/><G97/><T104/><D104/><U118/><E118/><V57/><F6/><N who="3" m="2667" /><G62/><T78/><D78/><U63/><E59/><V53/><F86/><W105/><G105/><T102/><D102/><U91/><E91/><N who="3" m="34890" /><G42/><T132/><D132/><U84/><E76/><V93/><F55/><W114/><G114/><T98/><D98/><U24/><E24/><V129/><F129/><W43/><G43/><T95/><D7/><U79/><E79/><V130/><F130/><RYUUKYOKU ba="0,0" sc="312,-15,211,15,117,-15,360,15" hai1="21,25,52,58,63,64,65,67,81,82,83,84,85" hai3="8,17,20,27,31,45,46" /><INIT seed="5,1,0,3,4,125" ten="297,226,102,375" oya="1" hai0="85,83,133,40,14,56,129,37,10,112,3,36,132" hai1="25,57,2,122,123,61,127,8,27,124,22,98,105" hai2="89,81,135,16,121,34,63,120,60,62,72,79,66" hai3="93,4,80,78,43,117,95,32,71,19,30,103,6"/><U7/><E105/><V44/><F121/><N who="1" m="46089" /><E98/><V39/><F120/><W51/><G71/><T118/><D118/><U97/><E97/><V86/><F135/><N who="0" m="51786" /><D3/><U110/><E110/><V130/><F34/><W21/><G117/><T28/><D28/><U65/><E22/><V46/><F130/><W91/><G32/><T24/><D112/><U76/><E76/><V69/><F39/><W82/><G30/><T116/><D116/><U13/><E13/><V35/><F89/><W42/><G51/><T77/><D129/><U84/><E84/><V26/><F35/><W87/><G103/><T9/><D24/><U73/><E73/><V119/><F119/><W33/><G33/><T12/><D56/><U64/><E64/><V11/><F69/><W52/><G52/><T113/><D113/><U74/><E74/><V90/><F66/><W59/><G59/><T109/><D109/><U102/><E102/><V20/><REACH who="2" step="1"/><F11/><REACH who="2" ten="297,226,92,375" step="2"/><N who="0" m="4106" /><D36/><U29/><E29/><V75/><F75/><W114/><G114/><T128/><D128/><U48/><E48/><V99/><F99/><W67/><G67/><T45/><AGARI ba="1,1" hai="12,14,37,40,45,77,83,85" m="4106,51786" machi="45" ten="30,1100,0" yaku="20,1" doraHai="125" who="0" fromWho="0" sc="297,24,226,-6,92,-4,375,-4" /><INIT seed="6,0,0,1,4,133" ten="321,220,88,371" oya="2" hai0="104,54,8,127,117,23,25,122,43,76,89,50,37" hai1="65,58,57,80,74,90,73,28,17,126,91,81,125" hai2="52,86,121,3,82,1,88,114,47,31,22,93,10" hai3="110,16,63,40,9,132,101,69,103,27,66,75,68"/><V39/><F121/><W109/><G40/><T116/><D104/><U128/><E28/><V41/><F114/><W131/><G75/><N who="1" m="28682" /><E17/><V4/><F93/><W123/><G123/><T92/><D76/><U107/><E107/><V99/><F31/><W0/><G0/><T59/><D122/><U38/><E38/><V5/><F22/><W64/><G132/><T102/><D8/><U14/><E14/><V15/><F39/><W6/><G131/><T67/><D102/><U135/><E65/><V111/><F99/><W87/><G87/><T33/><D33/><U13/><E13/><V96/><F96/><W20/><G63/><T11/><D11/><U118/><E118/><N who="0" m="45673" /><D127/><N who="1" m="48651" /><E135/><V34/><F34/><W100/><G6/><T124/><D124/><U62/><E62/><V79/><F79/><W84/><G84/><N who="0" m="52263" /><D67/><N who="3" m="25641" /><G9/><T60/><D60/><U120/><E120/><V26/><F111/><N who="3" m="42507" /><G27/><T72/><D72/><U106/><E106/><V44/><F26/><W12/><G69/><T98/><D98/><U112/><E112/><V48/><REACH who="2" step="1"/><F5/><REACH who="2" ten="321,220,78,371" step="2"/><W21/><G12/><T51/><D37/><U49/><E128/><V46/><F46/><W115/><G115/><T70/><D70/><U83/><E49/><V7/><F7/><W36/><G36/><T134/><D134/><U35/><E35/><V119/><F119/><W85/><G68/><T2/><D2/><U56/><AGARI ba="0,1" hai="56,57,58,80,81,83,90,91" m="48651,28682" machi="56" ten="40,12000,2" yaku="28,2,18,1,52,3" doraHai="133" who="1" fromWho="1" sc="321,-30,220,130,78,-60,371,-30" /><INIT seed="7,0,0,5,5,60" ten="291,350,18,341" oya="3" hai0="55,129,111,25,43,3,27,92,9,121,102,106,97" hai1="71,4,74,69,8,0,12,101,36,45,26,119,17" hai2="130,13,30,14,128,75,68,99,87,131,40,132,122" hai3="84,7,51,105,42,28,116,24,54,22,127,73,88"/><W108/><G73/><T19/><D111/><U100/><E119/><V58/><F132/><W16/><G116/><T38/><D121/><U63/><E74/><V86/><F30/><W120/><G120/><T91/><D129/><N who="2" m="49770" /><F68/><W47/><G105/><T85/><D55/><U81/><E71/><V20/><N who="2" m="49778" /><V123/><DORA hai="135" /><F40/><W77/><G77/><T66/><D66/><U109/><E109/><V110/><F58/><N who="3" m="33119" /><G127/><T89/><D43/><U64/><E81/><V37/><F110/><W98/><G108/><T83/><D38/><U133/><E133/><V1/><F37/><W56/><G56/><T126/><D126/><U76/><E76/><V57/><F1/><W118/><G118/><T125/><D125/><U35/><E0/><V49/><F75/><W112/><G112/><T5/><D19/><U134/><E134/><V62/><F99/><AGARI ba="0,0" hai="3,5,9,25,27,83,85,89,91,92,97,99,102,106" machi="99" ten="30,1000,0" yaku="7,1" doraHai="60,135" who="0" fromWho="2" sc="291,10,350,0,18,-10,341,0" owari="301,-10,350,45,8,-49,341,14" /></mjloggm>