<mjloggm ver="2.3"><GO type="137" lobby="0"/><UN n0="%E7%95%99%E8%90%8C" n1="%43%4D%50%75%6E%6B" n2="%E6%B8%A1%E8%BE%BA%E7%9B%B4%E7%BE%8E" n3="%E8%9D%89%E4%B8%B8%E3%83%AB%E3%83%BC%E3%83%AB" dan="12,13,12,12" rate="1761.34,1795.78,1708.65,1639.52" sx="M,M,M,F"/><TAIKYOKU oya="0"/><INIT seed="0,0,0,3,1,28" ten="250,250,250,250" oya="0" hai0="130,85,26,82,21,58,55,27,113,61,117,92,46" hai1="34,48,115,114,133,25,135,111,88,67,68,124,52" hai2="37,32,11,30,106,38,128,126,98,100,15,108,96" hai3="4,7,60,103,6,71,93,112,59,127,123,69,89"/><T50/><D117/><U120/><E120/><V64/><F108/><W42/><G112/><N who="1" m="43050" /><E68/><V77/><F77/><W53/><G123/><T83/><D113/><U12/><E67/><V41/><F126/><W81/><G127/><T44/><D130/><U63/><E124/><V104/><F128/><W23/><G42/><T94/><D94/><U40/><E12/><V102/><F64/><W65/><G23/><T62/><D92/><U75/><E75/><V5/><F41/><W97/><G81/><N who="0" m="30731" /><D85/><U134/><E63/><N who="0" m="24073" /><D27/><AGARI ba="0,0" hai="5,11,15,27,30,32,37,38,96,98,100,102,104,106" machi="27" ten="40,2600,0" yaku="9,1,52,1" doraHai="28" who="2" fromWho="0" sc="250,-26,250,0,250,26,250,0" /><INIT seed="1,0,0,1,4,52" ten="224,250,276,250" oya="1" hai0="9,124,131,67,76,118,55,72,62,0,29,44,125" hai1="112,108,8,123,48,95,84,49,98,91,46,130,89" hai2="20,74,81,78,42,96,24,103,38,31,82,7,133" hai3="50,70,71,73,93,59,18,4,51,14,134,122,26"/><U15/><E123/><V120/><F120/><W102/><G122/><T65/><D29/><U87/><E112/><V19/><F133/><W105/><G134/><T80/><D0/><U121/><E121/><V47/><F7/><W12/><G73/><T60/><D9/><U35/><E35/><V77/><F31/><W111/><G71/><T92/><D118/><U61/><E130/><V41/><F41/><W10/><G70/><T5/><D5/><U85/><E108/><V68/><F68/><W115/><G111/><T56/><D92/><U63/><E91/><V132/><F132/><W6/><G115/><T17/><D17/><U27/><E27/><V23/><F23/><W22/><G105/><T88/><D131/><U2/><E2/><V116/><F116/><W127/><G127/><N who="0" m="48715" /><D44/><U36/><E36/><V30/><F30/><W101/><G4/><T117/><D117/><U58/><E46/><V107/><REACH who="2" step="1"/><F74/><REACH who="2" ten="224,250,266,250" step="2"/><W79/><G6/><T109/><D109/><U128/><E128/><V25/><F25/><W64/><G26/><T43/><D43/><U57/><E8/><V45/><F45/><W3/><G3/><T21/><D21/><U40/><E40/><V129/><F129/><W135/><G12/><T75/><D75/><U53/><E15/><V66/><F66/><AGARI ba="0,1" hai="48,49,53,57,58,61,63,66,84,85,87,89,95,98" machi="66" ten="40,7700,0" yaku="8,1,52,2" doraHai="52" who="1" fromWho="2" sc="224,0,250,87,266,-77,250,0" /><INIT seed="1,1,0,0,4,30" ten="224,337,189,250" oya="1" hai0="104,97,79,96,133,9,131,15,14,105,53,17,101" hai1="65,107,46,61,82,122,118,93,34,81,29,50,75" hai2="18,64,111,28,39,119,43,114,128,32,88,24,80" hai3="20,92,121,21,106,84,25,7,0,73,77,85,129"/><U54/><E107/><V67/><F119/><W98/><G121/><T123/><D123/><U48/><E122/><V71/><F111/><W87/><G129/><T89/><D79/><U110/><E118/><V69/><F128/><W6/><G106/><T3/><D131/><U51/><E110/><V36/><F114/><W47/><G0/><T60/><D133/><U12/><E93/><V126/><F126/><W10/><G7/><T2/><D89/><U113/><E113/><V4/><F4/><W16/><G20/><T83/><D83/><U57/><E12/><V70/><F43/><W134/><G134/><T45/><D15/><U44/><E75/><V5/><F5/><W125/><G125/><T26/><D26/><U23/><E34/><V102/><F102/><W63/><G47/><N who="1" m="17962" /><E65/><V124/><F124/><W90/><G73/><T76/><D76/><U62/><E62/><V117/><F117/><W55/><G77/><T13/><D13/><U103/><E103/><V52/><F18/><W115/><G115/><T11/><D11/><U27/><AGARI ba="1,0" hai="23,27,29,48,50,51,54,57,61,81,82" m="17962" machi="27" ten="30,1500,0" yaku="8,1" doraHai="30" who="1" fromWho="1" sc="224,-6,337,18,189,-6,250,-6" /><INIT seed="1,2,0,0,2,10" ten="218,355,183,244" oya="1" hai0="76,90,49,2,134,131,68,38,124,61,55,73,69" hai1="27,72,16,18,98,109,60,91,70,119,114,4,35" hai2="44,67,116,19,7,30,117,28,102,100,111,128,47" hai3="57,39,118,5,51,125,130,81,107,14,37,54,20"/><U46/><E119/><V29/><F7/><W34/><G118/><N who="2" m="45673" /><F67/><W105/><G34/><T133/><D2/><U42/><E114/><V8/><F111/><W62/><G107/><T79/><D90/><U84/><E72/><V95/><F95/><W106/><G106/><T88/><D73/><U110/><E98/><V135/><F8/><W13/><G105/><T74/><D74/><U123/><E123/><V11/><F11/><W50/><G37/><T113/><D113/><U77/><E77/><V22/><F22/><W24/><G5/><T92/><D38/><U122/><E122/><V45/><F19/><W94/><G39/><T66/><D69/><U132/><E4/><V1/><F1/><W12/><G94/><T32/><D32/><U52/><E132/><N who="0" m="50793" /><D131/><U43/><E70/><V71/><F71/><W36/><G130/><T87/><D124/><U59/><E35/><V126/><F135/><W78/><G125/><T83/><D92/><N who="1" m="54375" /><E27/><V89/><F128/><W115/><G36/><T80/><D80/><U75/><E75/><V9/><F9/><W108/><G108/><N who="1" m="41578" /><E46/><AGARI ba="2,0" hai="46,49,55,61,66,68,76,79,83,87,88" m="50793" machi="46" ten="30,2000,0" yaku="20,1,54,1" doraHai="10" who="0" fromWho="1" sc="218,26,355,-26,183,0,244,0" /><INIT seed="2,0,0,3,5,133" ten="244,329,183,244" oya="2" hai0="76,118,82,43,33,84,122,25,70,44,50,73,108" hai1="127,102,65,100,4,97,49,125,22,91,68,116,92" hai2="20,2,16,95,19,47,8,98,42,69,12,77,121" hai3="105,61,131,26,51,101,62,78,123,67,86,109,103"/><V71/><F121/><W56/><G109/><T112/><D122/><U34/><E34/><V31/><F77/><W1/><G131/><T28/><D112/><U81/><E116/><V18/><F69/><W15/><G1/><T40/><D108/><U55/><E4/><V9/><F71/><W114/><G105/><T17/><D118/><U85/><E22/><V45/><F42/><W124/><G123/><T89/><D70/><U0/><E0/><V120/><F120/><W66/><G26/><T3/><D3/><U48/><E48/><V115/><F115/><W21/><G114/><T36/><D17/><N who="2" m="6762" /><F2/><W87/><G21/><T110/><D110/><U88/><E68/><V104/><F104/><W63/><G63/><T24/><D24/><U30/><E65/><V54/><F31/><W93/><G51/><T13/><D13/><U32/><E32/><V74/><F74/><W79/><G15/><T126/><D126/><N who="1" m="48139" /><E30/><V75/><F75/><W72/><G72/><T94/><REACH who="0" step="1"/><D40/><REACH who="0" ten="234,329,183,244" step="2"/><U23/><E23/><V58/><F9/><W130/><G124/><T11/><D11/><U83/><E83/><V59/><F8/><W5/><G5/><T10/><D10/><U57/><AGARI ba="0,1" hai="49,55,57,81,85,88,91,92,97,100,102" m="48139" machi="57" ten="30,8000,1" yaku="18,1,52,3,54,1" doraHai="133" who="1" fromWho="1" sc="234,-20,329,90,183,-40,244,-20" /><INIT seed="3,0,0,5,3,99" ten="214,419,143,224" oya="3" hai0="0,39,48,46,69,122,44,26,40,25,36,101,58" hai1="109,6,114,103,113,106,89,127,32,42,66,41,52" hai2="132,121,105,90,94,63,60,64,67,16,54,70,62" hai3="119,2,1,75,14,28,29,82,5,81,74,76,34"/><W4/><G34/><T130/><D0/><U120/><E32/><V57/><F105/><W38/><G14/><T133/><D122/><U31/><E31/><V86/><F121/><W17/><G17/><T50/><D25/><U53/><E120/><V107/><F107/><W13/><G13/><T117/><D26/><U55/><E106/><V8/><F132/><W15/><G15/><T61/><D117/><U135/><E103/><V118/><F118/><W111/><G119/><T33/><D33/><U77/><E89/><V68/><F8/><W124/><G124/><T27/><D27/><U95/><E95/><V47/><REACH who="2" step="1"/><F47/><REACH who="2" ten="214,419,133,224" step="2"/><N who="0" m="17962" /><D101/><U134/><E127/><V73/><F73/><W87/><G111/><T24/><D24/><U12/><E109/><V20/><F20/><W110/><G110/><T3/><D3/><U83/><E6/><V18/><AGARI ba="0,1" hai="16,18,54,57,60,62,63,64,67,68,70,86,90,94" machi="18" ten="30,7900,0" yaku="1,1,0,1,9,1,54,1,53,0" doraHai="99" doraHaiUra="71" who="2" fromWho="2" sc="214,-20,419,-20,133,89,224,-39" /><INIT seed="4,0,0,5,0,13" ten="194,399,222,185" oya="0" hai0="61,59,93,72,4,52,78,24,79,99,18,60,80" hai1="67,69,103,125,130,134,117,43,57,31,16,2,50" hai2="40,39,14,111,5,8,118,132,95,81,94,12,96" hai3="55,84,58,100,62,131,66,91,109,48,30,71,98"/><T88/><D78/><U21/><E117/><V26/><F111/><W101/><G131/><T120/><D120/><U108/><E2/><V10/><F118/><W49/><G109/><T41/><D41/><U20/><E108/><V104/><F132/><W127/><G127/><T135/><D4/><U74/><E134/><V46/><F104/><W44/><G30/><T89/><D135/><U73/><E130/><V19/><F81/><W25/><G25/><T106/><D89/><U128/><E128/><V115/><F115/><W68/><G101/><T65/><D106/><U129/><E125/><V63/><F63/><W122/><G122/><T70/><REACH who="0" step="1"/><D24/><REACH who="0" ten="184,399,222,185" step="2"/><N who="1" m="16775" /><E129/><V0/><F26/><W1/><G1/><T23/><D23/><U126/><E21/><V34/><F0/><W116/><G116/><T35/><D35/><U77/><E43/><V123/><F123/><W51/><G71/><T107/><D107/><U9/><E77/><V17/><F34/><W42/><G68/><T114/><D114/><U64/><E69/><V38/><F5/><W56/><G42/><T28/><D28/><U86/><E73/><V32/><F32/><W53/><G100/><T97/><D97/><U22/><E74/><V75/><F75/><W102/><G98/><T3/><D3/><U85/><E126/><V27/><F27/><W82/><G102/><T15/><D15/><N who="1" m="7279" /><E22/><V105/><F105/><W37/><G91/><T110/><D110/><U29/><E103/><V92/><F96/><W11/><G11/><T76/><D76/><U90/><E29/><V6/><F6/><W45/><G84/><RYUUKYOKU ba="0,1" sc="184,15,399,-15,222,15,185,-15" hai0="18,52,59,60,61,65,70,72,79,80,88,93,99" hai2="8,10,12,14,17,19,38,39,40,46,92,94,95" /><INIT seed="4,1,1,0,2,59" ten="199,384,237,170" oya="0" hai0="46,74,104,66,118,62,9,109,67,78,127,71,37" hai1="5,1,19,41,80,100,39,105,55,4,107,14,64" hai2="26,69,51,2,131,65,43,63,77,25,87,98,116" hai3="119,114,6,18,70,7,47,122,16,36,49,94,129"/><T21/><D118/><U32/><E32/><V112/><F2/><W12/><G119/><T10/><D104/><U101/><E55/><V27/><F116/><W113/><G70/><T60/><D21/><U17/><E80/><V45/><F112/><N who="3" m="43115" /><G129/><T22/><D22/><U92/><E64/><V29/><F131/><W76/><G76/><T103/><D9/><U128/><E128/><V50/><F98/><W48/><G12/><T8/><D103/><U115/><E115/><V132/><F132/><W133/><G133/><T93/><D93/><U117/><E117/><V57/><F69/><W31/><G31/><T54/><D109/><U24/><E1/><V96/><F96/><W88/><G122/><T40/><D127/><U38/><E41/><V23/><F51/><N who="3" m="19531" /><G47/><T3/><D10/><U120/><E14/><V111/><F111/><W79/><G79/><T75/><D54/><U68/><E24/><V0/><F0/><W102/><G36/><T72/><D72/><U90/><E68/><V81/><AGARI ba="1,1" hai="23,25,26,27,29,43,45,50,57,63,65,77,81,87" machi="81" ten="30,4000,0" yaku="0,1,8,1,52,1" doraHai="59" who="2" fromWho="2" sc="199,-21,384,-11,237,53,170,-11" /><INIT seed="5,0,0,5,0,91" ten="178,373,290,159" oya="1" hai0="99,120,104,28,127,73,43,70,123,49,47,132,14" hai1="128,71,100,94,58,74,90,24,129,84,60,17,35" hai2="125,75,79,56,61,96,83,105,41,89,69,86,0" hai3="57,64,135,81,7,31,107,11,52,8,92,76,33"/><U93/><E71/><V16/><F69/><W27/><G107/><T32/><D70/><U30/><E74/><V21/><F0/><W59/><G135/><T50/><D73/><U40/><E40/><V102/><F41/><W53/><G64/><T115/><D14/><U85/><E17/><V12/><F125/><W66/><G66/><T36/><D127/><U3/><E3/><V10/><F10/><W112/><G7/><T37/><D132/><U77/><E100/><V110/><F110/><W126/><G126/><T121/><D115/><U95/><E77/><V67/><REACH who="2" step="1"/><F75/><REACH who="2" ten="178,373,280,159" step="2"/><W62/><G8/><T134/><D134/><U5/><E5/><V63/><F63/><W23/><G11/><T42/><D42/><U117/><E117/><V6/><F6/><W9/><G9/><T101/><REACH who="0" step="1"/><D36/><REACH who="0" ten="168,373,280,159" step="2"/><U46/><E129/><V122/><F122/><W119/><G112/><T114/><D114/><U18/><E128/><V39/><F39/><W45/><G119/><T48/><D48/><U22/><E60/><V109/><F109/><W124/><G124/><T78/><D78/><AGARI ba="0,2" hai="12,16,21,56,61,67,78,79,83,86,89,96,102,105" machi="78" ten="40,2600,0" yaku="1,1,54,1,53,0" doraHai="91" doraHaiUra="44" who="2" fromWho="0" sc="168,-26,373,0,280,46,159,0" /><INIT seed="6,0,0,4,2,43" ten="142,373,326,159" oya="2" hai0="106,94,61,133,23,21,32,55,27,97,36,88,99" hai1="5,114,7,113,130,66,95,86,35,2,44,10,57" hai2="37,77,15,67,117,80,31,39,17,118,115,92,11" hai3="110,128,46,56,129,18,96,87,34,108,53,78,69"/><V125/><F115/><N who="1" m="44041" /><E130/><N who="3" m="50282" /><G34/><T82/><D133/><U25/><E7/><V26/><F67/><W81/><G69/><T0/><D0/><U135/><E135/><V76/><F92/><W93/><G18/><T122/><D122/><U73/><E73/><V126/><F80/><W28/><G28/><T24/><D36/><N who="2" m="13898" /><F77/><W123/><G123/><T48/><D61/><N who="1" m="38191" /><E44/><V6/><F76/><W49/><G56/><N who="0" m="32871" /><D32/><U8/><E8/><V47/><F47/><W84/><G84/><N who="0" m="50199" /><D106/><U40/><E40/><V91/><F6/><W100/><AGARI ba="0,0" hai="46,49,53,78,81,87,93,96,100,108,110" m="50282" machi="100" ten="30,2000,0" yaku="19,1,52,1" doraHai="43" who="3" fromWho="3" sc="142,-5,373,-5,326,-10,159,20" /><INIT seed="7,0,0,0,3,60" ten="137,368,316,179" oya="3" hai0="125,82,10,116,13,22,90,135,112,110,7,115,3" hai1="17,58,93,123,126,40,51,84,53,59,111,105,109" hai2="39,6,85,92,30,114,38,101,103,34,36,56,64" hai3="25,21,66,80,87,32,24,47,31,134,121,97,95"/><W55/><G121/><T37/><D110/><U46/><E105/><V15/><F114/><N who="0" m="43562" /><D37/><U52/><E123/><V99/><F34/><W72/><G72/><T124/><D82/><U120/><E120/><V130/><F130/><W2/><G2/><T12/><D90/><N who="1" m="53447" /><E126/><N who="0" m="48745" /><D116/><U27/><E111/><V28/><F85/><W23/><G32/><T81/><D81/><U70/><E70/><V78/><F78/><W67/><G134/><T113/><N who="0" m="43570" /><T41/><DORA hai="96" /><D41/><U129/><E129/><V26/><F6/><W35/><G87/><T44/><D44/><U62/><E109/><V16/><F26/><W127/><G35/><T20/><D135/><U119/><E119/><V33/><F33/><W1/><G1/><T100/><D100/><U94/><E94/><V131/><F103/><N who="3" m="60863" /><G80/><T29/><D29/><U19/><E59/><V57/><F57/><W18/><G127/><T86/><D86/><U102/><E102/><V107/><F131/><W69/><G69/><T79/><D79/><U98/><E98/><V8/><F107/><W9/><G9/><T71/><D71/><U11/><E58/><V91/><F101/><W118/><G118/><T89/><D89/><U88/><E62/><V14/><F39/><W61/><G61/><T104/><D104/><U65/><E88/><V42/><F38/><W132/><G132/><T75/><D75/><U108/><E108/><V50/><F36/><W117/><G117/><T4/><D4/><U77/><E77/><V133/><F133/><W106/><G106/><T73/><D73/><U63/><E40/><V48/><F42/><RYUUKYOKU ba="0,0" sc="137,15,368,-15,316,-15,179,15" hai0="3,7,10,12,13,20,22" hai3="18,21,23,24,25,31,47,55,66,67" /><INIT seed="7,1,0,4,0,70" ten="152,353,301,194" oya="3" hai0="109,9,99,104,4,89,58,51,33,56,110,75,48" hai1="24,23,61,126,118,26,68,101,72,76,130,125,27" hai2="113,16,19,7,13,135,39,85,78,17,88,60,31" hai3="47,133,121,112,111,53,43,32,84,131,106,71,50"/><W64/><G106/><T134/><D33/><U105/><E118/><V114/><F31/><W97/><G32/><T6/><D75/><U81/><E130/><V30/><F30/><W116/><G116/><T12/><D104/><U90/><E90/><V5/><F78/><W87/><G131/><T86/><D99/><N who="1" m="61631" /><E68/><V38/><F60/><W124/><G121/><T132/><D89/><U21/><E61/><V119/><F119/><W35/><G35/><T74/><D74/><U15/><E15/><V69/><F69/><W2/><G2/><T18/><D86/><U55/><E55/><V20/><F135/><N who="0" m="51754" /><D18/><N who="2" m="7274" /><F7/><N who="0" m="2602" /><D12/><U127/><AGARI ba="1,0" hai="21,23,24,26,27,72,76,81,125,126,127" m="61631" machi="127" ten="40,1500,0" yaku="18,1" doraHai="70" who="1" fromWho="1" sc="152,-5,353,18,301,-5,194,-8" owari="147,-35,371,46,296,10,186,-21" /></mjloggm>