<mjloggm ver="2.3"><GO type="9" lobby="2448"/><UN n0="%6E%61%6B%6B%61%61" n1="%E7%95%99%E8%90%8C" n2="%E3%81%B0%E3%81%A3%E3%81%8F%E3%81%99" n3="%67%6F%72%79%75%64%79%6D" dan="1,12,6,0" rate="1465.42,1760.52,1486.93,1500.00" sx="M,M,M,M"/><TAIKYOKU oya="0"/><INIT seed="0,0,0,2,3,122" ten="250,250,250,250" oya="0" hai0="116,8,45,111,126,63,25,36,40,94,56,67,64" hai1="87,18,42,58,53,61,71,98,22,0,130,82,57" hai2="92,31,43,48,73,29,13,65,124,132,21,89,75" hai3="38,46,30,93,84,54,41,109,117,88,60,3,114"/><T35/><D116/><U7/><E42/><V19/><F65/><W107/><G117/><T69/><D8/><U11/><E98/><V17/><F132/><W68/><G3/><T15/><D67/><U37/><E37/><V133/><F133/><W81/><G30/><T39/><D35/><U5/><E5/><V51/><F124/><W52/><G114/><T49/><D94/><U77/><E130/><V20/><F43/><W110/><G68/><T85/><D126/><U86/><E71/><V10/><F75/><W105/><G81/><T66/><D64/><U59/><REACH who="1" step="1"/><E87/><REACH who="1" ten="250,240,250,250" step="2"/><V118/><F118/><W100/><G60/><T115/><D85/><U16/><E16/><N who="2" m="8247" /><F73/><W129/><G129/><T47/><D115/><U113/><E113/><V119/><F119/><W27/><G27/><AGARI ba="0,1" hai="0,7,11,18,22,27,53,57,58,59,61,77,82,86" machi="27" ten="30,2000,0" yaku="1,1,7,1,53,0" doraHai="122" doraHaiUra="125" who="1" fromWho="3" sc="250,0,240,30,250,0,250,-20" /><INIT seed="1,0,0,4,1,124" ten="250,270,250,230" oya="1" hai0="38,79,13,90,100,101,129,60,111,46,33,89,105" hai1="87,4,84,30,20,11,52,54,50,109,127,120,102" hai2="18,29,91,83,110,31,2,49,107,0,55,41,8" hai3="88,28,128,62,77,39,70,82,78,5,15,36,35"/><U113/><E120/><V10/><F107/><W21/><G128/><T97/><D33/><U42/><E113/><V117/><F117/><W40/><G5/><T61/><D79/><U44/><E127/><V1/><F41/><W17/><G70/><T27/><D129/><U108/><E102/><V67/><F67/><W7/><G62/><T126/><D126/><U106/><E106/><V71/><F71/><W81/><G7/><T19/><D27/><U94/><E30/><V9/><F110/><N who="1" m="42601" /><E20/><V24/><F83/><W12/><G35/><T69/><D111/><U23/><E23/><V22/><F91/><W86/><G28/><T75/><D69/><U32/><E32/><N who="2" m="20519" /><F49/><W25/><G40/><T130/><D130/><U26/><E26/><N who="2" m="16855" /><F55/><N who="1" m="21033" /><E94/><V112/><F112/><W121/><G121/><T65/><D105/><U64/><E64/><V135/><F135/><W66/><G66/><T59/><D97/><U122/><E122/><V68/><F68/><W132/><G132/><T74/><D61/><U99/><E99/><V45/><F45/><W58/><G58/><N who="0" m="37015" /><D38/><U98/><E98/><V118/><F118/><W57/><G57/><T47/><D59/><U114/><E114/><V133/><F133/><W85/><G88/><N who="0" m="33899" /><D47/><U48/><E48/><V6/><F6/><W134/><G134/><T63/><D46/><U43/><E43/><V51/><F51/><W76/><G76/><T34/><D63/><U16/><E4/><V56/><F56/><W80/><G80/><T116/><D116/><U95/><E95/><V3/><N who="2" m="512" /><DORA hai="37" /><V73/><F73/><W119/><G119/><RYUUKYOKU ba="0,0" sc="250,-30,270,10,250,10,230,10" hai1="11,16,42,44,50,84,87" hai2="8,9,10,18" hai3="12,15,17,21,25,36,39,77,78,81,82,85,86" /><INIT seed="1,1,0,1,4,10" ten="220,280,260,240" oya="1" hai0="69,15,124,81,48,78,134,121,98,42,39,132,126" hai1="120,99,0,59,90,102,77,131,49,87,16,96,37" hai2="128,27,129,94,28,106,91,65,45,58,47,100,119" hai3="19,9,11,88,43,93,71,34,54,26,51,22,112"/><U20/><E37/><V13/><F119/><W64/><G112/><T101/><D69/><U70/><E0/><V109/><F13/><W67/><G43/><T63/><D39/><U92/><E70/><V32/><F106/><W117/><G34/><T85/><D63/><U62/><E120/><V53/><F100/><W21/><G21/><T2/><D2/><U133/><E133/><N who="0" m="51305" /><D121/><U135/><E135/><V4/><F4/><W127/><G127/><N who="0" m="48683" /><D101/><U110/><E131/><V114/><F109/><W97/><G117/><T80/><D98/><N who="1" m="37419" /><E102/><V41/><F114/><W3/><G3/><T86/><D15/><N who="1" m="9247" /><E110/><V113/><F113/><W79/><G79/><N who="0" m="46239" /><D42/><U35/><E35/><V84/><F65/><W116/><G116/><T52/><D48/><U40/><E40/><V60/><REACH who="2" step="1"/><F41/><REACH who="2" ten="220,280,250,240" step="2"/><W105/><G105/><T103/><D103/><U72/><E72/><V95/><F95/><W50/><G71/><T31/><D31/><U55/><E77/><V6/><F6/><W29/><G29/><T125/><N who="0" m="48691" /><T118/><DORA hai="130" /><D118/><U66/><E66/><N who="3" m="25130" /><G51/><AGARI ba="1,1" hai="49,51,55,59,62,87,90,92" m="9247,37419" machi="51" ten="30,5800,0" yaku="8,1,52,1,54,1" doraHai="10,130" who="1" fromWho="3" sc="220,0,280,71,250,0,240,-61" /><INIT seed="1,2,0,2,4,90" ten="220,351,250,179" oya="1" hai0="82,116,105,25,107,78,22,10,2,103,54,5,100" hai1="44,34,37,31,112,57,98,128,93,61,75,1,35" hai2="36,23,16,0,38,113,84,46,53,20,32,63,132" hai3="120,29,111,126,102,91,95,47,109,52,56,124,72"/><U51/><E75/><V130/><F84/><W79/><G102/><T58/><D116/><U21/><E1/><V65/><F32/><W80/><G29/><T30/><D107/><U74/><E74/><V71/><F53/><W42/><G120/><T69/><D105/><U123/><E112/><V55/><F55/><W117/><G117/><T101/><D69/><U114/><E114/><V4/><F16/><W87/><G42/><T26/><D26/><U86/><E123/><V45/><F113/><W135/><G47/><T59/><REACH who="0" step="1"/><D54/><REACH who="0" ten="210,351,250,179" step="2"/><U19/><E37/><V94/><F132/><W83/><G135/><T76/><D76/><U33/><E31/><V134/><F134/><W12/><G12/><T104/><D104/><U133/><E133/><V11/><F94/><W67/><G67/><T18/><D18/><U70/><E70/><V89/><F89/><W97/><G56/><T40/><D40/><U92/><E128/><V3/><F23/><W85/><G52/><T108/><D108/><U122/><E122/><V118/><F118/><W119/><G119/><T77/><D77/><U49/><E35/><V27/><F20/><W81/><G109/><T24/><D24/><N who="1" m="14399" /><E33/><V115/><F115/><W43/><G111/><T41/><D41/><N who="1" m="24719" /><E34/><V106/><F106/><W96/><G43/><T131/><D131/><U68/><E68/><V73/><F130/><W60/><G60/><T28/><D28/><U66/><E86/><AGARI ba="2,1" hai="2,5,10,22,25,30,58,59,78,82,86,100,101,103" machi="86" ten="40,1300,0" yaku="1,1,53,0" doraHai="90" doraHaiUra="110" who="0" fromWho="1" sc="210,29,351,-19,250,0,179,0" /><INIT seed="2,0,0,5,5,51" ten="239,332,250,179" oya="2" hai0="119,54,6,95,110,100,30,105,16,132,65,31,84" hai1="115,128,83,47,59,15,78,58,77,97,125,43,107" hai2="126,103,134,69,44,81,108,75,13,61,101,127,24" hai3="49,72,86,64,3,36,114,27,21,73,96,9,5"/><V130/><F44/><W34/><G36/><T48/><D105/><U80/><E115/><V19/><F24/><W32/><G49/><T88/><D65/><U63/><E125/><N who="2" m="47627" /><F134/><W42/><G64/><T89/><D89/><U124/><E124/><V67/><F108/><W25/><G42/><T52/><D54/><N who="1" m="34263" /><E128/><V74/><F130/><W8/><G114/><T33/><D33/><N who="3" m="12905" /><G86/><T98/><D132/><U135/><E135/><V50/><F50/><W53/><G53/><T35/><D35/><U133/><E133/><V46/><F81/><N who="1" m="31305" /><E107/><V104/><F46/><W102/><G102/><N who="2" m="38921" /><F104/><W92/><G92/><T117/><D110/><U82/><E97/><V68/><F68/><W10/><G96/><T112/><D112/><U99/><E99/><V57/><F57/><W111/><G111/><T20/><D30/><U70/><E70/><V22/><AGARI ba="0,0" hai="13,19,22,61,67,69,74,75" m="38921,47627" machi="22" ten="30,1500,0" yaku="18,1" doraHai="51" who="2" fromWho="2" sc="239,-5,332,-5,250,15,179,-5" /><INIT seed="2,1,0,1,2,16" ten="234,327,265,174" oya="2" hai0="38,32,9,102,6,20,96,68,73,67,11,46,78" hai1="42,22,14,43,66,40,33,29,15,90,113,41,111" hai2="108,31,134,85,3,130,26,105,127,76,101,27,44" hai3="92,39,36,5,65,12,35,52,82,7,25,107,126"/><V71/><F71/><W109/><G109/><T75/><D78/><U135/><E113/><V124/><F44/><W57/><G126/><N who="2" m="48169" /><F3/><W28/><G107/><T45/><D32/><U74/><E74/><V129/><F108/><W21/><G92/><T87/><D38/><U63/><E33/><N who="2" m="20727" /><F27/><W103/><G103/><T79/><D68/><U8/><E111/><V93/><F93/><W115/><G115/><T86/><D20/><U80/><E135/><V133/><F76/><W60/><G82/><T81/><D6/><N who="1" m="3351" /><E66/><V54/><F54/><W69/><G12/><T61/><D79/><U62/><N who="1" m="10752" /><DORA hai="116" /><U128/><E128/><N who="2" m="49259" /><F85/><W120/><G120/><T19/><D102/><U84/><E15/><V112/><F112/><W97/><G97/><AGARI ba="1,0" hai="97,101,105,133,134" m="49259,20727,48169" machi="97" ten="40,12000,1" yaku="30,2,18,1,19,1,23,1" doraHai="16,116" who="2" fromWho="3" sc="234,0,327,0,265,123,174,-123" /><INIT seed="2,2,0,0,5,103" ten="234,327,388,51" oya="2" hai0="21,119,135,97,89,73,112,64,77,69,48,131,121" hai1="0,106,95,100,30,22,79,81,1,8,80,38,88" hai2="41,93,28,87,85,116,92,57,83,120,63,25,109" hai3="76,110,132,91,96,129,115,82,114,84,13,102,134"/><V124/><F41/><W125/><G13/><T65/><D97/><U16/><E38/><V118/><F120/><W46/><G46/><T113/><D89/><U24/><E106/><V127/><F109/><W10/><G10/><T94/><D77/><U39/><E39/><V126/><F83/><W43/><G43/><T111/><D94/><N who="2" m="36458" /><F57/><W34/><G34/><T58/><D65/><U71/><E71/><V9/><F9/><W101/><G110/><T11/><D11/><U29/><E100/><N who="3" m="38506" /><G96/><T37/><D21/><U35/><E35/><N who="2" m="20879" /><F63/><W67/><G67/><T54/><D64/><U68/><E68/><V14/><F14/><W99/><G99/><T5/><D5/><U105/><E105/><V62/><F62/><W122/><G122/><T56/><D54/><U3/><E8/><V104/><F104/><W55/><G55/><T70/><D58/><U44/><E44/><V23/><F23/><W74/><G125/><T61/><D48/><U107/><E107/><V18/><F18/><W98/><G98/><T40/><D61/><U45/><E45/><V90/><F90/><W17/><G17/><T33/><D56/><U52/><E52/><V50/><F50/><W133/><G129/><T51/><D40/><U36/><E36/><V31/><F31/><N who="1" m="11785" /><E79/><V15/><F15/><W130/><G130/><T128/><D51/><U75/><E75/><V72/><F72/><W6/><G6/><T27/><D27/><U19/><E19/><V26/><F26/><W60/><G60/><T12/><D12/><U4/><E4/><V53/><F53/><W32/><G32/><RYUUKYOKU ba="2,0" sc="234,-30,327,10,388,10,51,10" hai1="0,1,3,16,22,24,80,81,88,95" hai2="85,87,116,118,124,126,127" hai3="74,76,82,84,91,114,115,132,133,134" /><INIT seed="2,3,0,1,5,125" ten="204,337,398,61" oya="2" hai0="35,42,55,49,84,80,104,117,83,129,128,30,17" hai1="121,87,47,34,11,127,79,25,132,105,66,38,57" hai2="29,107,75,6,68,18,122,45,19,70,123,93,86" hai3="39,95,24,92,114,101,98,52,53,61,90,99,78"/><V77/><F45/><W16/><G39/><T14/><D104/><U37/><E105/><V27/><F107/><W33/><G78/><T62/><D35/><U110/><E11/><V74/><F6/><W15/><G33/><T102/><D30/><U111/><E127/><V94/><F77/><W28/><G114/><T91/><D102/><U109/><E121/><V31/><REACH who="2" step="1"/><F86/><REACH who="2" ten="204,337,388,61" step="2"/><W8/><REACH who="3" step="1"/><G61/><REACH who="3" ten="204,337,388,51" step="2"/><T113/><D117/><U3/><E79/><V1/><F1/><W43/><G43/><T9/><D113/><U10/><E3/><V120/><F120/><W115/><G115/><T36/><D36/><U130/><E37/><V64/><F64/><W100/><G100/><T12/><D42/><U76/><E38/><V116/><F116/><W20/><AGARI ba="3,2" hai="8,15,16,20,24,28,52,53,90,92,95,98,99,101" machi="20" ten="20,12000,2" yaku="1,1,0,1,7,1,8,1,54,2,53,0" doraHai="125" doraHaiUra="118" who="3" fromWho="3" sc="204,-33,337,-33,388,-63,51,149" /><INIT seed="3,0,0,3,3,120" ten="171,304,325,200" oya="3" hai0="37,132,75,94,13,82,20,32,122,23,60,57,118" hai1="67,12,112,72,103,6,130,89,117,61,104,131,81" hai2="77,26,133,114,116,128,15,16,110,73,10,2,11" hai3="78,64,92,84,95,0,129,44,74,98,106,97,83"/><W96/><G44/><T69/><D94/><U55/><E112/><V1/><F116/><W24/><G64/><T123/><D123/><U100/><E117/><V31/><F77/><W14/><G24/><T124/><D82/><U46/><E6/><V126/><F73/><W25/><G0/><N who="2" m="105" /><F114/><W51/><G25/><T101/><D118/><U127/><E127/><V21/><F133/><W113/><G14/><T85/><D122/><U90/><E12/><V27/><F128/><N who="1" m="49193" /><E67/><V22/><F126/><W29/><G129/><T66/><D124/><U45/><E61/><V102/><F102/><N who="1" m="38953" /><E104/><V54/><F15/><W115/><G29/><T134/><D37/><U17/><E17/><V19/><F54/><W59/><G51/><T47/><D75/><U50/><E72/><V108/><F19/><W49/><G59/><T68/><D47/><N who="1" m="28127" /><E81/><V33/><F33/><W28/><G49/><T34/><D101/><U53/><E53/><V71/><F71/><N who="0" m="27210" /><D85/><U62/><E62/><V48/><F48/><W135/><G28/><T88/><D13/><U39/><E39/><V63/><F63/><W4/><G4/><T65/><D34/><U36/><E36/><V80/><F80/><W9/><G9/><AGARI ba="0,0" hai="9,10,11,16,21,22,26,27,31,108,110" m="105" machi="9" ten="30,8000,1" yaku="34,2,52,2,54,1" doraHai="120" who="2" fromWho="3" sc="171,0,304,0,325,80,200,-80" /><INIT seed="4,0,0,1,5,25" ten="171,304,405,120" oya="0" hai0="102,30,55,20,117,60,6,7,16,105,103,71,32" hai1="48,122,10,75,24,101,18,11,40,118,112,45,114" hai2="133,22,131,27,35,77,128,126,99,85,97,100,26" hai3="53,93,72,87,90,31,57,89,17,0,83,132,65"/><T68/><D117/><U41/><E75/><V49/><F49/><W84/><G132/><T54/><D105/><U43/><E118/><V14/><F133/><W12/><G65/><T129/><D32/><U121/><E101/><V79/><F35/><W92/><G0/><T76/><D76/><N who="2" m="29258" /><F85/><W5/><G5/><N who="0" m="1547" /><D30/><U98/><E98/><N who="2" m="37387" /><F100/><N who="0" m="38442" /><D60/><U9/><E24/><N who="2" m="9259" /><F22/><W80/><G31/><T125/><D71/><U8/><N who="1" m="2560" /><DORA hai="1" /><U13/><E18/><V74/><F74/><W69/><G69/><T51/><D68/><U96/><E13/><V39/><F39/><W104/><G57/><N who="0" m="32991" /><D55/><U2/><E2/><V23/><F23/><W82/><G53/><T110/><D125/><U3/><E3/><V127/><F14/><W37/><G12/><N who="0" m="9223" /><D129/><AGARI ba="0,0" hai="126,127,128,129,131" m="9259,37387,29258" machi="129" ten="40,5200,0" yaku="28,2,19,1" doraHai="25,1" who="2" fromWho="0" sc="171,-52,304,0,405,52,120,0" /><INIT seed="5,0,0,5,1,8" ten="119,304,457,120" oya="1" hai0="105,87,41,29,118,44,93,39,103,49,75,46,45" hai1="100,30,79,134,20,4,67,86,92,42,130,116,63" hai2="96,109,27,82,22,35,1,28,91,0,26,70,99" hai3="53,112,76,57,66,52,89,62,24,97,59,33,119"/><U37/><E116/><V36/><F36/><W102/><G76/><T125/><D118/><U101/><E4/><V128/><F109/><W14/><G119/><T126/><D105/><U110/><E37/><V94/><F70/><W71/><G112/><T131/><D29/><U80/><E42/><V68/><F68/><W58/><G33/><T133/><D39/><U61/><E110/><V88/><F82/><W117/><G14/><T48/><D75/><U120/><E120/><V106/><F106/><W12/><G117/><T3/><D3/><U104/><E104/><V98/><F0/><W40/><G24/><T11/><D103/><N who="1" m="39499" /><E134/><V83/><F35/><W13/><G89/><N who="2" m="34377" /><F1/><W129/><G129/><T121/><D133/><U21/><E130/><V84/><F128/><W38/><G38/><T2/><D131/><U17/><E30/><N who="2" m="17751" /><F94/><W7/><G7/><T23/><D41/><U85/><E67/><V10/><F10/><W113/><G113/><T55/><D23/><N who="1" m="8779" /><E17/><V132/><F132/><W15/><REACH who="3" step="1"/><G40/><REACH who="3" ten="119,304,457,110" step="2"/><N who="0" m="24583" /><D121/><U78/><E92/><AGARI ba="0,1" hai="12,13,15,52,53,57,58,59,62,66,71,92,97,102" machi="92" ten="40,12000,2" yaku="1,1,52,3,54,1,53,2" doraHai="8" doraHaiUra="50" who="3" fromWho="1" sc="119,0,304,-120,457,0,110,130" /><INIT seed="6,0,0,4,4,87" ten="119,184,457,240" oya="2" hai0="103,31,113,81,92,114,17,10,111,7,44,130,89" hai1="77,15,85,90,33,21,99,79,20,48,36,34,6" hai2="119,74,134,67,83,45,98,88,84,102,72,64,82" hai3="110,25,65,124,71,131,51,22,16,108,70,78,133"/><V76/><F119/><W13/><G78/><T11/><D44/><U80/><E36/><V75/><F45/><W125/><G51/><T35/><D111/><N who="3" m="42537" /><G25/><T32/><D130/><U105/><E105/><N who="2" m="63703" /><F64/><W101/><G101/><T86/><D17/><U107/><E107/><V58/><F58/><W63/><G71/><T132/><D31/><U97/><E34/><V94/><F67/><W42/><G42/><T56/><D7/><U69/><E33/><V8/><F8/><W49/><G49/><T115/><D132/><U116/><E116/><V118/><F118/><W9/><G9/><N who="0" m="3083" /><D56/><U29/><E69/><V50/><F50/><W0/><G0/><T24/><D24/><U120/><E120/><V96/><F134/><W59/><G133/><T128/><D35/><U38/><E38/><V60/><F60/><W30/><G30/><T27/><D32/><U61/><E61/><V73/><F83/><W126/><G131/><T18/><D128/><U100/><E100/><N who="2" m="60439" /><F84/><W26/><G70/><T95/><D27/><U28/><E48/><V41/><F41/><W2/><G2/><T14/><D103/><U1/><E1/><V122/><F122/><W68/><G68/><T40/><D40/><U47/><E47/><V5/><F5/><W109/><N who="3" m="42545" /><W46/><DORA hai="43" /><G46/><T55/><D55/><U117/><E117/><V62/><F62/><W4/><G4/><T93/><D18/><U129/><E6/><V123/><F123/><W91/><G91/><AGARI ba="0,0" hai="72,73,74,75,76,82,88,91" m="60439,63703" machi="91" ten="30,24000,3" yaku="35,5,52,2,54,1" doraHai="87,43" who="2" fromWho="3" sc="119,0,184,0,457,240,240,-240" /><INIT seed="6,1,0,5,2,90" ten="119,184,697,0" oya="2" hai0="52,56,5,82,1,47,18,34,109,135,108,31,120" hai1="17,122,98,127,30,134,41,128,133,43,107,61,49" hai2="36,10,65,76,24,105,89,99,27,12,44,88,78" hai3="26,71,13,111,72,60,45,48,101,70,104,19,9"/><V106/><F36/><W51/><G111/><T55/><D120/><U129/><E17/><V50/><F65/><W53/><G72/><T28/><D82/><U112/><E30/><N who="0" m="11305" /><D1/><U58/><E49/><V77/><F106/><W132/><G132/><N who="1" m="50794" /><E58/><V67/><F67/><W75/><G75/><T113/><D135/><U119/><E61/><V118/><F105/><W115/><G115/><T121/><D121/><U124/><E43/><N who="2" m="24863" /><F118/><W73/><G73/><T74/><D74/><U110/><E41/><V62/><F62/><W38/><G26/><N who="2" m="9769" /><F99/><W32/><G32/><T16/><D34/><U15/><E15/><V94/><F94/><W80/><G80/><T25/><D56/><U131/><E98/><V117/><F117/><W54/><G104/><T103/><D25/><U8/><E119/><V96/><F96/><W35/><G35/><T59/><D113/><U100/><E8/><V69/><F69/><W22/><G101/><T33/><D59/><U66/><E66/><V79/><N who="2" m="19968" /><DORA hai="37" /><V102/><F102/><W84/><G84/><T87/><D33/><U14/><E14/><V39/><F39/><W81/><G81/><T95/><D103/><U64/><E64/><V3/><F3/><W4/><G38/><T114/><D114/><U42/><E42/><V91/><F91/><W11/><G60/><T6/><D109/><U40/><E112/><V21/><F21/><W86/><G86/><T123/><D108/><U125/><E122/><V23/><F23/><W116/><G116/><T97/><D123/><U63/><E110/><V93/><F93/><W2/><G22/><RYUUKYOKU ba="1,0" sc="119,-15,184,-15,697,15,0,15" hai2="10,12,88,89" hai3="2,4,9,11,13,19,45,48,51,53,54,70,71" /><INIT seed="6,2,0,0,1,13" ten="104,169,712,15" oya="2" hai0="12,129,68,41,125,52,42,23,85,30,37,40,4" hai1="2,113,33,49,36,15,90,116,38,76,58,120,45" hai2="98,59,91,3,14,60,83,99,1,82,132,47,84" hai3="87,74,111,50,53,43,65,62,106,127,22,101,107"/><V11/><F47/><W92/><G22/><T64/><D37/><U28/><E116/><V46/><F46/><W109/><G43/><N who="0" m="11011" /><T110/><DORA hai="80" /><D110/><U34/><E120/><V69/><F69/><W18/><G18/><N who="0" m="10695" /><D30/><U16/><E113/><V128/><F132/><W56/><G74/><T131/><D68/><U103/><E76/><V29/><F3/><W124/><G87/><T44/><D85/><U66/><E103/><V126/><F1/><W24/><G24/><T71/><D71/><U72/><E2/><V117/><F117/><W133/><G133/><T27/><D27/><U134/><E134/><V54/><F29/><W57/><G92/><T55/><D44/><U32/><E72/><V81/><F126/><W19/><G19/><T130/><D125/><N who="3" m="48201" /><G101/><T35/><D35/><U63/><E28/><V104/><F104/><AGARI ba="2,0" hai="50,53,56,57,62,65,104,106,107,109,111" m="48201" machi="104" ten="30,1000,0" yaku="18,1" doraHai="13,80" who="3" fromWho="2" sc="104,0,169,0,712,-16,15,16" /><INIT seed="7,0,0,4,1,92" ten="104,169,696,31" oya="3" hai0="1,87,91,5,66,29,26,120,49,21,37,55,119" hai1="80,98,12,6,102,111,82,51,43,31,106,124,81" hai2="23,64,86,14,116,36,83,69,85,103,46,61,24" hai3="34,74,41,90,121,18,93,112,52,3,7,114,17"/><W115/><G41/><T99/><D119/><U132/><E111/><V63/><F103/><W33/><G74/><T53/><D120/><U84/><E31/><V10/><F116/><W62/><G121/><T71/><D37/><U73/><E73/><V78/><F86/><W67/><G3/><T107/><D55/><U122/><E122/><V56/><F36/><W59/><G7/><T109/><D109/><U60/><E60/><V100/><F100/><W128/><G128/><T65/><D65/><U58/><E132/><V105/><F105/><W68/><G93/><T77/><D1/><U22/><E124/><V88/><F46/><W50/><REACH who="3" step="1"/><G90/><REACH who="3" ten="104,169,696,21" step="2"/><T131/><D131/><U16/><E6/><N who="2" m="3415" /><F69/><W104/><G104/><T118/><D118/><U130/><E130/><V8/><F8/><W0/><G0/><T48/><D71/><U113/><E113/><V126/><F126/><W75/><G75/><T39/><D5/><U79/><REACH who="1" step="1"/><E43/><REACH who="1" ten="104,159,696,21" step="2"/><V95/><F63/><W20/><G20/><T30/><D107/><U96/><E96/><N who="2" m="57447" /><F24/><W54/><G54/><AGARI ba="0,2" hai="12,16,22,51,54,58,79,80,81,82,84,98,102,106" machi="54" ten="40,5200,0" yaku="1,1,52,1,54,1,53,0" doraHai="92" doraHaiUra="110" who="1" fromWho="3" sc="104,0,159,72,696,0,21,-52" owari="104,-30,231,3,696,80,-31,-53" /></mjloggm>