<mjloggm ver="2.3"><GO type="137" lobby="0"/><UN n0="%E3%83%95%E3%82%A7%E3%83%AA%E3%82%B7%E3%83%86%E3%82%A3" n1="%E7%95%99%E8%90%8C" n2="%44%72%61%6E%62%6F%6F%6F" n3="%4D%4F%4D%4F%54%41%4B%41" dan="12,12,12,13" rate="1630.55,1733.53,1675.24,1757.18" sx="M,M,M,M"/><TAIKYOKU oya="0"/><INIT seed="0,0,0,4,5,22" ten="250,250,250,250" oya="0" hai0="51,114,131,130,135,45,72,62,57,91,35,116,102" hai1="105,88,12,6,124,76,24,107,111,68,95,58,126" hai2="43,16,115,96,0,66,69,79,112,1,103,82,78" hai3="83,100,113,119,59,132,10,67,5,27,87,3,77"/><T7/><D116/><U122/><E68/><V74/><F69/><W21/><G113/><T36/><D72/><U30/><E122/><V65/><F43/><W106/><G132/><T44/><D36/><U73/><E111/><V109/><F78/><W99/><G119/><T63/><D35/><U46/><E58/><V11/><F109/><W4/><G4/><T121/><D102/><U125/><E46/><V75/><F74/><W40/><G40/><T86/><D135/><U42/><E42/><V90/><F1/><W108/><G108/><T64/><D63/><U61/><E61/><V19/><F0/><W38/><G38/><T128/><D121/><U18/><E6/><V104/><F19/><W70/><G70/><T129/><N who="0" m="33280" /><DORA hai="31" /><T97/><D97/><N who="1" m="57575" /><E73/><V20/><F11/><W92/><G67/><T56/><D7/><U55/><E55/><V47/><F47/><N who="0" m="17994" /><D114/><U110/><E76/><V52/><F115/><W85/><G59/><N who="0" m="36959" /><D51/><U81/><E81/><AGARI ba="0,0" hai="56,57,81,86,91" m="36959,17994,33280" machi="81" ten="60,2900,0" yaku="19,1" doraHai="22,31" who="0" fromWho="1" sc="250,29,250,-29,250,0,250,0" /><INIT seed="0,1,0,4,0,98" ten="279,221,250,250" oya="0" hai0="78,39,65,53,63,41,79,27,123,134,97,113,40" hai1="57,124,130,91,76,35,99,135,73,70,58,83,103" hai2="21,26,7,100,118,60,92,45,22,38,84,20,48" hai3="75,116,64,25,3,0,111,128,23,16,89,88,47"/><T112/><D123/><U132/><E70/><V95/><F118/><W8/><G111/><T105/><D39/><U109/><E35/><V107/><F38/><W127/><G128/><T85/><D78/><U52/><E109/><V115/><F7/><W33/><G127/><T17/><D53/><U56/><E130/><V18/><F115/><W54/><G75/><T28/><D17/><U42/><E42/><V101/><F107/><W82/><G64/><T44/><D44/><U19/><E19/><V121/><F121/><W108/><G108/><T5/><D5/><U94/><E124/><V129/><F21/><W93/><G33/><N who="0" m="20639" /><D85/><U11/><E11/><V34/><F34/><W117/><G82/><T2/><D79/><U90/><REACH who="1" step="1"/><E52/><REACH who="1" ten="279,211,250,250" step="2"/><N who="2" m="29711" /><F129/><W30/><G116/><T87/><D41/><U81/><E81/><V61/><F20/><W29/><G117/><T62/><D40/><U14/><E14/><V131/><F131/><W72/><G72/><T24/><D2/><U114/><E114/><V125/><F125/><W67/><G67/><T96/><D65/><U13/><E13/><V102/><F95/><W36/><G36/><T122/><D113/><U126/><E126/><V110/><F110/><W9/><G0/><T68/><D112/><U106/><E106/><V51/><F51/><N who="3" m="29055" /><G3/><T86/><D105/><U12/><E12/><V133/><F133/><AGARI ba="1,1" hai="56,57,58,73,76,83,90,91,94,99,103,132,133,135" machi="133" ten="40,5200,0" yaku="1,1,20,1,52,1,53,0" doraHai="98" doraHaiUra="71" who="1" fromWho="2" sc="279,0,211,65,250,-55,250,0" /><INIT seed="1,0,0,2,1,124" ten="279,276,195,250" oya="1" hai0="0,103,134,24,123,59,26,20,25,131,81,57,43" hai1="1,27,11,108,40,17,88,89,109,39,15,133,85" hai2="29,36,35,18,90,118,102,110,105,101,6,30,72" hai3="4,51,70,31,55,8,48,71,60,75,12,97,45"/><U87/><E39/><V83/><F118/><W77/><G31/><T113/><D0/><U96/><E40/><V73/><F36/><W84/><G75/><T98/><D113/><U7/><E27/><V104/><F18/><W16/><G97/><T93/><D43/><U78/><E133/><V94/><F6/><W22/><G60/><T99/><D134/><U28/><E28/><V19/><F19/><W21/><G48/><T46/><D46/><U132/><E132/><V3/><F3/><W126/><G126/><T127/><D127/><U2/><E96/><N who="2" m="57431" /><F35/><W121/><G121/><T67/><D99/><U47/><E47/><V5/><F5/><W50/><G50/><T64/><D81/><U41/><E41/><V65/><F65/><W66/><G66/><T38/><D38/><U125/><E125/><V13/><F13/><W117/><G117/><T135/><D135/><U129/><E129/><V58/><F58/><W119/><G119/><T115/><D67/><U34/><E34/><V112/><F29/><W106/><G106/><N who="2" m="41065" /><F30/><W23/><REACH who="3" step="1"/><G4/><REACH who="3" ten="279,276,195,240" step="2"/><T74/><D74/><N who="2" m="28778" /><F112/><W49/><G49/><T68/><D115/><U86/><E7/><V130/><F130/><W128/><G128/><T69/><D131/><U44/><E44/><V80/><F110/><N who="1" m="42601" /><E78/><V76/><F76/><W120/><G120/><T82/><D123/><U114/><E114/><V107/><N who="2" m="41073" /><V53/><DORA hai="52" /><F53/><W14/><G14/><T9/><D64/><U95/><E95/><V122/><F122/><W91/><G91/><AGARI ba="0,1" hai="1,2,11,15,17,85,86,87,88,89,91" m="42601" machi="91" ten="30,5800,0" yaku="14,1,10,1,54,1" doraHai="124,52" who="1" fromWho="3" sc="279,0,276,68,195,0,240,-58" /><INIT seed="1,1,0,1,0,22" ten="279,344,195,182" oya="1" hai0="12,30,116,91,18,40,69,99,90,51,13,45,36" hai1="114,5,77,46,48,115,92,100,95,134,131,19,52" hai2="120,6,57,128,106,123,54,20,113,70,135,98,88" hai3="133,125,32,33,122,66,34,72,73,8,56,59,74"/><U50/><E77/><V102/><F70/><W79/><G122/><T104/><D69/><U101/><E5/><V127/><F113/><W37/><G37/><T16/><D36/><U119/><E119/><V42/><F135/><W63/><G133/><T25/><D104/><U107/><E134/><V78/><F128/><W11/><G125/><T9/><D99/><U53/><E107/><V68/><F68/><W55/><G79/><T24/><D30/><U82/><E82/><V38/><F6/><W121/><G121/><T31/><D31/><U97/><E131/><V14/><F127/><W17/><REACH who="3" step="1"/><G17/><REACH who="3" ten="279,344,195,172" step="2"/><T39/><D39/><U27/><E19/><V124/><F78/><W62/><AGARI ba="1,1" hai="8,11,32,33,34,55,56,59,62,63,66,72,73,74" machi="62" ten="40,5200,0" yaku="1,1,2,1,0,1,53,0" doraHai="22" doraHaiUra="84" who="3" fromWho="3" sc="279,-14,344,-27,195,-14,172,65" /><INIT seed="2,0,0,4,5,100" ten="265,317,181,237" oya="2" hai0="85,69,76,61,21,33,93,9,84,8,132,94,130" hai1="116,109,15,19,75,121,123,43,96,128,99,97,28" hai2="32,112,14,13,12,134,16,77,122,119,89,54,51" hai3="87,62,92,7,72,107,47,64,25,57,60,126,63"/><V49/><F122/><W18/><G72/><T52/><D33/><U46/><E75/><V106/><F106/><W74/><G74/><T2/><D2/><U91/><E28/><V65/><F32/><W125/><G7/><T66/><D132/><U24/><E116/><V124/><F65/><W129/><G129/><T53/><D130/><U45/><E128/><V131/><F131/><W59/><G47/><N who="1" m="17930" /><E43/><V108/><F134/><W73/><G73/><T118/><D118/><U1/><E1/><V90/><F119/><W50/><G50/><T113/><D113/><U95/><E109/><V42/><F112/><W41/><G41/><T127/><D76/><U120/><E24/><V88/><F124/><N who="3" m="47723" /><G64/><T11/><D21/><AGARI ba="0,0" hai="15,19,21,91,95,96,97,99,120,121,123" m="17930" machi="21" ten="30,1000,0" yaku="13,1" doraHai="100" who="1" fromWho="0" sc="265,-10,317,10,181,0,237,0" /><INIT seed="3,0,0,0,4,67" ten="255,327,181,237" oya="3" hai0="105,97,63,0,13,21,53,114,10,65,35,47,60" hai1="34,59,117,14,24,6,40,3,128,104,30,98,130" hai2="28,51,74,49,111,127,17,26,82,12,96,79,88" hai3="121,108,7,110,120,70,115,93,20,2,124,100,50"/><W44/><G2/><T15/><D35/><U107/><E40/><V94/><F127/><W80/><G20/><T68/><D0/><U132/><E59/><V8/><REACH who="2" step="1"/><F111/><REACH who="2" ten="255,327,171,237" step="2"/><N who="3" m="42539" /><G7/><T77/><D114/><U103/><E3/><V18/><F18/><W123/><G115/><T134/><D134/><U129/><E117/><V23/><AGARI ba="0,1" hai="8,12,17,23,26,28,49,51,74,79,82,88,94,96" machi="23" ten="20,5200,0" yaku="1,1,0,1,7,1,54,1,53,0" doraHai="67" doraHaiUra="33" who="2" fromWho="2" sc="255,-13,327,-13,171,62,237,-26" /><INIT seed="4,0,0,5,5,21" ten="242,314,233,211" oya="0" hai0="4,128,18,135,129,112,51,25,22,2,101,92,47" hai1="115,11,1,98,43,103,40,127,65,131,61,9,123" hai2="114,69,16,75,105,91,81,99,48,31,10,109,6" hai3="34,3,33,13,60,62,83,104,124,86,41,17,93"/><T82/><D2/><U108/><E123/><V113/><F69/><W78/><G104/><T36/><D36/><U73/><E108/><V126/><F31/><W88/><G3/><T121/><D4/><U68/><E73/><V52/><F126/><W97/><G124/><T29/><D121/><U8/><E1/><V12/><F109/><W57/><G41/><T64/><D64/><U59/><E127/><V38/><F38/><W119/><G119/><T14/><D82/><U32/><E32/><V7/><F114/><W117/><G117/><T89/><D101/><U55/><E115/><V39/><F39/><W79/><G79/><T94/><D112/><U80/><E80/><V111/><F111/><W71/><G71/><T58/><D58/><U15/><E131/><N who="0" m="50249" /><D89/><U120/><E120/><V66/><F66/><W44/><G44/><T95/><D135/><U77/><E77/><V46/><F113/><W28/><G28/><T53/><D95/><U19/><E40/><V130/><F130/><W90/><G78/><T42/><D42/><U84/><E43/><V30/><F30/><W37/><G37/><T110/><D110/><U49/><REACH who="1" step="1"/><E84/><REACH who="1" ten="242,304,233,211" step="2"/><N who="2" m="50575" /><F75/><W85/><G85/><T102/><D102/><AGARI ba="0,1" hai="6,7,10,12,16,46,48,52,99,102,105" m="50575" machi="102" ten="30,3900,0" yaku="25,1,54,2" doraHai="21" who="2" fromWho="0" sc="242,-39,304,0,233,49,211,0" /><INIT seed="5,0,0,1,2,86" ten="203,304,282,211" oya="1" hai0="60,66,96,27,110,59,10,128,38,61,5,83,4" hai1="102,134,32,88,73,8,50,79,33,56,45,72,55" hai2="99,24,30,65,9,106,118,85,22,116,1,87,120" hai3="48,84,112,94,57,17,111,0,19,80,75,103,26"/><U125/><E102/><N who="2" m="62815" /><F120/><W95/><G111/><T105/><D38/><U40/><E125/><V42/><F42/><W123/><G123/><T12/><D110/><U129/><E8/><V89/><F65/><W23/><G0/><T46/><D105/><U39/><E134/><V104/><F9/><W67/><G75/><T93/><D46/><U71/><E129/><V34/><F22/><W77/><G112/><T133/><D133/><U58/><E32/><V2/><F87/><W13/><G103/><T21/><D83/><U29/><E71/><V74/><F74/><W107/><G107/><T44/><D44/><U63/><E33/><V90/><F85/><W35/><G35/><T130/><D61/><U51/><E29/><V126/><F90/><W76/><G76/><T7/><D128/><U108/><E108/><V122/><F89/><W100/><G100/><N who="0" m="60431" /><D130/><U109/><E109/><V82/><F116/><W92/><G67/><T6/><D6/><U25/><E25/><V114/><F118/><W91/><G57/><T37/><D37/><U68/><E73/><V113/><F122/><W131/><G131/><T121/><D121/><U53/><E72/><V119/><F114/><W70/><G70/><T16/><AGARI ba="0,0" hai="4,5,7,10,12,16,21,27,59,60,66" m="60431" machi="16" ten="30,2000,0" yaku="8,1,54,1" doraHai="86" who="0" fromWho="0" sc="203,20,304,-10,282,-5,211,-5" /><INIT seed="6,0,0,2,1,1" ten="223,294,277,206" oya="2" hai0="102,132,109,116,63,13,61,0,58,7,110,57,45" hai1="104,5,107,17,44,31,87,18,128,20,59,50,68" hai2="46,134,96,88,76,70,51,126,85,32,4,67,16" hai3="80,108,41,66,106,56,97,12,6,95,24,112,14"/><V30/><F126/><W118/><G108/><T65/><D102/><U92/><E68/><V38/><F38/><W73/><G118/><T86/><D0/><U77/><E128/><V3/><F3/><W131/><BYE who="2" /><G131/><T124/><D124/><U117/><E117/><V39/><F39/><W35/><G106/><T133/><D116/><U64/><E107/><V37/><F37/><W19/><G41/><T74/><D86/><U113/><E104/><V33/><F33/><W91/><G112/><T130/><D13/><U72/><E113/><V15/><F15/><W52/><G66/><N who="0" m="39215" /><D7/><U60/><E72/><V54/><F54/><W82/><G35/><T78/><D78/><U53/><E77/><V127/><F127/><W135/><G135/><N who="0" m="51787" /><D74/><U36/><E5/><V11/><F11/><N who="3" m="4215" /><G73/><T120/><D130/><U43/><E92/><V42/><F42/><W23/><G14/><T71/><D71/><N who="1" m="42375" /><E87/><V21/><F21/><W34/><G34/><T100/><D100/><U28/><E20/><V129/><F129/><W48/><AGARI ba="0,0" hai="19,23,24,48,52,56,80,82,91,95,97" m="4215" machi="48" ten="30,4000,0" yaku="8,1,52,1,54,1" doraHai="1" who="3" fromWho="3" sc="223,-10,294,-10,277,-20,206,40" /><INIT seed="7,0,0,3,3,94" ten="213,284,257,246" oya="3" hai0="40,126,115,75,98,117,73,88,119,15,67,57,120" hai1="59,29,72,36,104,74,121,23,9,37,131,18,64" hai2="45,56,20,0,14,35,97,52,111,80,7,3,46" hai3="90,125,91,60,2,68,112,118,39,100,84,11,71"/><W55/><G118/><N who="0" m="45067" /><D57/><U65/><E121/><V53/><F53/><W70/><G125/><T129/><D67/><U48/><E104/><V127/><F127/><W108/><G108/><T85/><D15/><U109/><E109/><V33/><F33/><W89/><G112/><T106/><D40/><U26/><E72/><N who="0" m="27721" /><D126/><U6/><E74/><V41/><F41/><W22/><G39/><T31/><D31/><U135/><E135/><V95/><F95/><W51/><G60/><T12/><D12/><U28/><E131/><V50/><F50/><W128/><G128/><T99/><D129/><U110/><E110/><V87/><F87/><W81/><G22/><T79/><D79/><U4/><E37/><V5/><F5/><N who="1" m="2153" /><E36/><V92/><F92/><W19/><G2/><T130/><D130/><U17/><E48/><V114/><F114/><W103/><G11/><T10/><D10/><U25/><E59/><V134/><F134/><W44/><REACH who="3" step="1"/><G19/><REACH who="3" ten="213,284,257,236" step="2"/><N who="1" m="7178" /><E9/><V77/><F77/><AGARI ba="0,1" hai="44,51,55,68,70,71,77,81,84,89,90,91,100,103" machi="77" ten="50,2400,0" yaku="1,1,53,0" doraHai="94" doraHaiUra="132" who="3" fromWho="2" sc="213,0,284,0,257,-24,236,34" /><INIT seed="7,1,0,4,3,130" ten="213,284,233,270" oya="3" hai0="107,77,100,62,90,135,50,39,108,94,5,69,80" hai1="78,54,75,63,52,114,2,119,51,38,6,55,84" hai2="101,122,124,10,15,60,21,132,65,57,112,68,123" hai3="56,37,53,45,95,111,106,25,98,59,16,44,79"/><W42/><G106/><T117/><D39/><U134/><E38/><V4/><F4/><W99/><G79/><T128/><D128/><U33/><E33/><V35/><F35/><W118/><G118/><T92/><D117/><U24/><E75/><V97/><F97/><W115/><G115/><T61/><D69/><U72/><E72/><V48/><F48/><W76/><G76/><T18/><D5/><U125/><E119/><V86/><F86/><W66/><G111/><T9/><D108/><U131/><E114/><V26/><F26/><W102/><G66/><T81/><D50/><U113/><E113/><V8/><F8/><W19/><G45/><T28/><D28/><U121/><E121/><V83/><F83/><W12/><G25/><T20/><D9/><U64/><E24/><V1/><F1/><W67/><G67/><T32/><D32/><U3/><E131/><V110/><F110/><W31/><G31/><T58/><D62/><U36/><E36/><V89/><F89/><W126/><G126/><T104/><D81/><U88/><E125/><V27/><F27/><W93/><G53/><N who="0" m="33999" /><D107/><U105/><E105/><V127/><F127/><W43/><G43/><T30/><D30/><U41/><E78/><V116/><F116/><W109/><G109/><T74/><D104/><U47/><E134/><V103/><F103/><N who="3" m="60879" /><G19/><T0/><D135/><U46/><E6/><V96/><F96/><W91/><G102/><T82/><D0/><N who="1" m="43" /><E41/><V17/><F17/><W129/><G129/><T70/><D70/><N who="1" m="42271" /><E46/><V87/><F87/><W85/><G85/><N who="0" m="50471" /><D100/><U133/><E133/><RYUUKYOKU ba="1,0" sc="213,10,284,10,233,-30,270,10" hai0="18,20,74,77,82,92,94" hai1="47,51,52,54,55,84,88" hai3="12,16,37,42,44,56,59,91,95,99" /><INIT seed="7,2,0,5,2,1" ten="223,294,203,280" oya="3" hai0="64,56,85,65,124,102,120,26,37,128,116,84,93" hai1="13,36,118,4,62,12,83,20,117,94,87,96,95" hai2="14,135,44,130,40,132,89,42,27,66,48,54,113" hai3="33,3,30,34,98,28,0,59,90,122,22,73,86"/><W126/><G122/><T100/><D37/><U51/><E36/><V105/><F105/><W79/><G126/><T23/><D120/><U6/><E51/><V115/><F115/><W74/><G98/><N who="0" m="59471" /><D124/><U17/><E62/><V114/><F114/><W61/><G79/><T8/><D8/><U46/><E46/><V43/><F43/><W131/><G131/><T29/><D128/><U121/><E121/><V110/><F110/><W9/><G0/><T53/><D102/><U125/><E125/><V5/><F5/><N who="1" m="2153" /><E12/><V58/><F58/><W60/><G3/><T69/><D69/><U104/><E104/><V68/><F68/><W50/><G9/><T76/><D76/><U49/><E49/><V97/><F97/><W88/><G50/><N who="0" m="30775" /><D116/><N who="1" m="44651" /><E96/><V32/><F32/><N who="3" m="12395" /><G22/><T80/><D80/><U91/><AGARI ba="2,0" hai="13,17,20,83,87,91,94,95" m="44651,2153" machi="91" ten="30,7900,0" yaku="12,1,52,3" doraHai="1" who="1" fromWho="1" sc="223,-22,294,85,203,-22,280,-41" owari="201,-20,379,48,181,-32,239,4" /></mjloggm>