<mjloggm ver="2.3"><GO type="137" lobby="0"/><UN n0="%E7%95%99%E8%90%8C" n1="%4D%6F%6E%61%72%63%61" n2="%E3%83%AD%E3%83%93%E3%83%B3%E3%82%B9%E3%83%9A%E3%82%B7%E3%83%A3%E3%83%AB" n3="%E3%81%8A%E3%81%98%E3%81%95%E3%82%93%EF%BC%91%EF%BC%90%EF%BC%91" dan="12,12,13,14" rate="1773.47,1733.81,1736.38,1828.30" sx="M,M,M,M"/><TAIKYOKU oya="0"/><INIT seed="0,0,0,0,2,84" ten="250,250,250,250" oya="0" hai0="11,129,49,124,44,1,2,107,7,15,125,135,24" hai1="88,55,106,104,40,61,35,6,133,127,90,8,10" hai2="29,5,78,116,28,128,110,66,86,22,63,102,126" hai3="113,100,17,118,75,79,19,82,89,20,103,21,74"/><T94/><D24/><U30/><E40/><V114/><F114/><W23/><G113/><T131/><D107/><U51/><E35/><V77/><F116/><W112/><G112/><T109/><D94/><U117/><E117/><V32/><F32/><W31/><G118/><T64/><D64/><U98/><E30/><V38/><F38/><W72/><G31/><T91/><D91/><U121/><E121/><V60/><F5/><W81/><G89/><T111/><D49/><U119/><E61/><V58/><F126/><N who="0" m="48746" /><D44/><U68/><E127/><V65/><F128/><N who="0" m="49226" /><D135/><U39/><E133/><V130/><F130/><W95/><G95/><T73/><D73/><U42/><E39/><V48/><F48/><W54/><G54/><T0/><AGARI ba="0,0" hai="0,1,2,7,11,15,109,111" m="49226,48746" machi="0" ten="50,12000,1" yaku="18,1,19,1,34,2" doraHai="84" who="0" fromWho="0" sc="250,120,250,-40,250,-40,250,-40" /><INIT seed="0,1,0,2,1,28" ten="370,210,210,210" oya="0" hai0="24,103,3,98,94,56,118,39,106,80,96,54,93" hai1="48,55,126,108,49,100,133,114,53,87,120,78,72" hai2="79,111,116,30,76,92,21,61,102,109,77,68,112" hai3="90,132,17,97,33,105,127,57,115,31,44,99,75"/><T32/><D3/><U27/><E120/><V64/><F112/><W23/><G115/><T14/><D39/><U11/><E108/><N who="2" m="41547" /><F116/><W12/><G75/><T26/><D118/><U66/><E114/><V89/><F102/><W6/><G44/><T36/><D36/><U123/><E123/><V63/><F63/><W91/><G6/><T62/><D80/><U60/><E133/><V42/><F42/><W5/><G132/><T128/><D128/><U95/><E126/><V73/><F30/><W67/><G127/><T85/><D14/><U86/><E11/><V84/><F21/><W101/><G97/><T41/><D41/><U58/><E72/><AGARI ba="1,0" hai="61,64,68,72,73,76,77,79,84,89,92" m="41547" machi="72" ten="30,1000,0" yaku="14,1" doraHai="28" who="2" fromWho="1" sc="370,0,210,-13,210,13,210,0" /><INIT seed="1,0,0,0,2,93" ten="370,197,223,210" oya="1" hai0="19,12,9,108,121,129,101,58,116,13,63,103,65" hai1="3,118,5,24,86,78,34,81,124,95,54,99,114" hai2="22,48,16,10,45,56,72,91,57,77,127,2,59" hai3="7,100,110,109,88,46,76,87,33,23,70,71,74"/><U1/><E114/><V73/><F127/><W64/><G33/><T113/><D116/><U117/><E124/><V89/><F2/><W107/><G7/><T44/><D113/><U80/><E5/><V21/><F72/><W130/><G130/><T94/><D108/><N who="3" m="41577" /><G46/><T32/><D32/><U68/><E68/><V128/><F128/><W98/><G23/><N who="0" m="11751" /><D129/><U36/><E36/><V61/><F73/><W126/><G64/><T92/><D121/><U55/><E117/><V84/><F77/><W67/><G67/><T6/><D44/><U40/><E40/><N who="2" m="24615" /><F10/><W43/><G43/><T120/><D120/><U27/><E81/><N who="2" m="49295" /><F91/><W17/><G17/><T51/><D51/><U49/><E118/><V133/><F133/><W39/><G39/><T30/><D30/><U125/><E55/><V102/><F102/><AGARI ba="0,0" hai="6,9,13,58,63,65,92,94,101,102,103" m="11751" machi="102" ten="30,1000,0" yaku="8,1" doraHai="93" who="0" fromWho="2" sc="370,10,197,0,223,-10,210,0" /><INIT seed="2,0,0,5,4,19" ten="380,197,213,210" oya="2" hai0="106,126,10,24,46,84,105,60,43,93,23,52,102" hai1="44,54,33,63,124,95,1,122,34,59,13,133,129" hai2="20,35,89,107,97,64,56,90,66,87,11,68,40" hai3="123,119,85,94,118,80,83,38,18,117,0,6,113"/><V61/><F66/><W48/><G38/><T121/><D121/><U74/><E1/><V96/><F35/><W45/><G123/><T130/><D10/><U103/><E122/><V17/><F40/><W100/><G113/><T69/><D69/><U9/><E129/><V29/><F29/><W27/><G6/><T108/><D130/><U26/><E74/><V132/><F132/><W4/><G4/><T101/><D108/><U3/><E133/><V12/><F107/><W36/><G36/><T125/><D93/><U57/><E3/><V15/><F68/><W82/><G0/><T104/><D84/><U73/><E73/><V91/><REACH who="2" step="1"/><F87/><REACH who="2" ten="380,197,203,210" step="2"/><W81/><G119/><T7/><D106/><U62/><E44/><V51/><F51/><W58/><G118/><T50/><D105/><U92/><E124/><N who="0" m="47721" /><D104/><U131/><E131/><V128/><F128/><W99/><G117/><T111/><D111/><U78/><E78/><V135/><F135/><W76/><G58/><N who="0" m="34887" /><D7/><AGARI ba="0,1" hai="7,11,12,15,17,20,56,61,64,89,90,91,96,97" machi="7" ten="40,7700,0" yaku="1,1,8,1,52,1,53,0" doraHai="19" doraHaiUra="115" who="2" fromWho="0" sc="380,-77,197,0,203,87,210,0" /><INIT seed="2,1,0,4,4,131" ten="303,197,290,210" oya="2" hai0="29,127,95,60,86,34,23,82,70,58,114,25,77" hai1="125,4,119,84,101,12,88,66,39,22,104,75,112" hai2="53,97,65,13,46,85,1,98,33,54,91,89,57" hai3="102,45,74,24,31,109,50,99,27,17,124,30,108"/><V96/><F33/><W110/><G74/><T3/><D3/><U132/><E112/><V81/><F1/><W41/><G124/><T111/><D114/><U73/><E125/><V38/><F38/><W55/><G17/><T78/><D70/><U63/><E119/><V71/><F71/><W10/><G10/><T103/><D127/><U6/><E39/><V26/><F26/><W123/><G123/><T8/><D111/><U67/><E104/><V61/><F91/><W92/><REACH who="3" step="1"/><G41/><REACH who="3" ten="303,197,290,200" step="2"/><T5/><D5/><BYE who="0" /><U128/><E128/><V134/><F134/><W133/><G133/><UN n0="%E7%95%99%E8%90%8C" /><T7/><D77/><U49/><E73/><V64/><F13/><W106/><G106/><T122/><D122/><U2/><E75/><V118/><F118/><W115/><G115/><T51/><D51/><AGARI ba="1,1" hai="46,51,53,54,57,61,64,65,81,85,89,96,97,98" machi="51" ten="40,2000,0" yaku="8,1" doraHai="131" who="2" fromWho="0" sc="303,-23,197,0,290,33,200,0" /><INIT seed="2,2,0,1,4,34" ten="280,197,323,200" oya="2" hai0="78,52,108,71,30,37,17,95,135,29,24,54,132" hai1="28,100,125,49,36,105,133,91,6,8,31,121,107" hai2="96,72,86,104,79,0,77,103,43,115,35,10,1" hai3="47,38,88,62,127,75,46,60,87,32,119,45,128"/><V23/><F115/><W16/><G75/><T85/><D37/><U76/><E36/><V82/><F35/><W93/><G119/><T81/><D71/><U5/><E125/><V51/><F10/><W80/><G32/><T122/><D122/><U90/><E121/><V19/><F79/><W126/><G128/><T39/><D39/><U99/><E133/><N who="0" m="51273" /><D108/><U106/><E76/><V7/><F7/><W27/><G38/><T65/><D65/><U114/><E114/><V41/><F41/><W68/><G68/><T113/><D113/><U13/><E6/><V73/><F73/><W129/><G129/><T102/><D102/><U74/><E74/><V21/><F21/><N who="3" m="13735" /><G80/><T116/><D116/><U42/><E42/><V26/><REACH who="2" step="1"/><F72/><REACH who="2" ten="280,197,313,200" step="2"/><W130/><G130/><T89/><D78/><U112/><E112/><V131/><F131/><W94/><G127/><T109/><D109/><U69/><E69/><V57/><F57/><W70/><G126/><T110/><D110/><U66/><E66/><V12/><F12/><W4/><G4/><T48/><D81/><U67/><E67/><V53/><F53/><W40/><G40/><T44/><D54/><U124/><E124/><V63/><F63/><N who="3" m="24107" /><G70/><T92/><D92/><U58/><E107/><V50/><F50/><W84/><G94/><T123/><D123/><U56/><E106/><V134/><F134/><W18/><G18/><T83/><D83/><U64/><E64/><V59/><F59/><N who="1" m="22569" /><E49/><V9/><F9/><W15/><G15/><T117/><D117/><U98/><E105/><V61/><F61/><W14/><G14/><RYUUKYOKU ba="2,1" sc="280,10,197,-30,313,10,200,10" hai0="17,24,29,30,44,48,52,85,89,95" hai2="0,1,19,23,26,43,51,77,82,86,96,103,104" hai3="45,46,47,84,87,88,93" /><INIT seed="2,3,1,3,1,55" ten="290,167,323,210" oya="2" hai0="0,92,97,56,95,76,87,107,44,106,37,101,112" hai1="127,65,104,32,8,11,133,24,86,91,64,48,122" hai2="22,125,23,116,40,28,1,26,79,85,113,80,43" hai3="132,19,93,4,126,51,60,120,27,41,62,129,50"/><V115/><F116/><W105/><G105/><N who="0" m="39947" /><D0/><U103/><E127/><V94/><F1/><W74/><G74/><T123/><D37/><U46/><E133/><V82/><F125/><W72/><G72/><T49/><D56/><U29/><E104/><V99/><F115/><W75/><G75/><T45/><D49/><U108/><E108/><V13/><F113/><W39/><G126/><T89/><D45/><U81/><E103/><N who="2" m="60919" /><F82/><W63/><G4/><T110/><D44/><U67/><REACH who="1" step="1"/><E122/><REACH who="1" ten="290,157,323,210" step="2"/><V83/><F83/><W12/><G132/><T78/><D110/><U68/><E68/><V73/><F73/><W111/><G120/><T70/><D123/><U59/><E59/><V90/><F79/><N who="0" m="30250" /><D70/><U119/><E119/><V25/><F13/><W134/><G111/><T9/><D112/><U121/><E121/><V118/><F118/><W7/><G134/><T117/><D9/><U15/><E15/><V54/><F54/><AGARI ba="3,2" hai="8,11,24,29,32,46,48,54,64,65,67,81,86,91" machi="54" ten="40,1300,0" yaku="1,1,53,0" doraHai="55" doraHaiUra="130" who="1" fromWho="2" sc="290,0,157,42,323,-22,210,0" /><INIT seed="3,0,0,2,5,108" ten="290,199,301,210" oya="3" hai0="81,3,32,103,115,80,71,66,63,76,39,51,54" hai1="33,134,114,88,123,86,53,127,6,16,121,65,2" hai2="24,105,25,124,19,50,46,89,47,15,79,125,42" hai3="34,28,67,61,7,57,21,44,5,85,75,100,14"/><W131/><G75/><T36/><D103/><U72/><E33/><V62/><F105/><W82/><G131/><T99/><D99/><U18/><E134/><V126/><F79/><W74/><G74/><T22/><D32/><U109/><E114/><V84/><F47/><W91/><G34/><T117/><D22/><U9/><E109/><V135/><F135/><W41/><G100/><T113/><D3/><U73/><E127/><V97/><F97/><W133/><G133/><T104/><D104/><U111/><E111/><V93/><REACH who="2" step="1"/><F62/><REACH who="2" ten="290,199,291,210" step="2"/><W64/><G67/><T119/><D76/><U110/><E110/><V118/><F118/><N who="0" m="45066" /><D81/><U132/><E132/><V58/><F58/><W40/><G41/><T20/><D80/><U38/><E38/><N who="0" m="14377" /><D20/><AGARI ba="0,1" hai="15,19,20,24,25,42,46,50,84,89,93,124,125,126" machi="20" ten="40,2600,0" yaku="1,1,18,1,53,0" doraHai="108" doraHaiUra="27" who="2" fromWho="0" sc="290,-26,199,0,291,36,210,0" /><INIT seed="4,0,0,3,0,16" ten="264,199,327,210" oya="0" hai0="76,100,38,45,97,6,53,104,106,86,119,122,83" hai1="91,68,54,87,98,4,49,131,20,21,66,71,42" hai2="28,36,52,56,99,46,3,92,93,67,0,72,88" hai3="111,15,47,64,95,43,128,130,116,84,18,30,17"/><T51/><D38/><U114/><E131/><N who="3" m="50218" /><G111/><T101/><D122/><U57/><E114/><V81/><F72/><W65/><G116/><T115/><D119/><U80/><E4/><V103/><F81/><W48/><G30/><T58/><D115/><U50/><E98/><V55/><F28/><W7/><G7/><T126/><D6/><U125/><E125/><V73/><F73/><W132/><G132/><T82/><D126/><U35/><E35/><V112/><F112/><W22/><G18/><T108/><D108/><U117/><E117/><V5/><F5/><W60/><G60/><T78/><D45/><U39/><E39/><V77/><F77/><W79/><G95/><T33/><D33/><U29/><E66/><V8/><F8/><W121/><G121/><T120/><D120/><U62/><E29/><V75/><F75/><W14/><G15/><T123/><D123/><U74/><E74/><V2/><F36/><W59/><G59/><T69/><D69/><U32/><E32/><V109/><F109/><W129/><N who="3" m="50226" /><W40/><DORA hai="19" /><G43/><T1/><D1/><U41/><E62/><V102/><F93/><W13/><G14/><T89/><REACH who="0" step="1"/><D82/><AGARI ba="0,0" hai="13,17,22,40,47,48,64,65,79,82,84" m="50226" machi="82" ten="40,5200,0" yaku="19,1,52,2" doraHai="16,19" who="3" fromWho="0" sc="264,-52,199,0,327,0,210,52" /><INIT seed="5,0,0,5,2,40" ten="212,199,327,262" oya="1" hai0="126,48,114,34,88,64,93,65,103,101,22,125,39" hai1="130,51,76,85,118,110,5,77,45,98,62,46,37" hai2="104,60,3,92,132,97,100,15,117,113,67,112,72" hai3="21,28,33,10,86,9,83,30,31,119,38,55,109"/><U49/><E118/><V1/><F117/><W26/><G38/><T99/><D34/><U74/><E130/><V94/><F72/><W56/><G119/><T111/><D39/><U23/><E37/><V124/><F1/><W68/><G68/><T25/><D111/><U0/><E110/><V120/><F120/><W63/><G109/><T57/><D114/><N who="2" m="44138" /><F3/><W78/><REACH who="3" step="1"/><G33/><REACH who="3" ten="212,199,327,252" step="2"/><T66/><D103/><U36/><E36/><V43/><F124/><N who="0" m="47722" /><D101/><U20/><E74/><V8/><F132/><W71/><G71/><T127/><D127/><U58/><E0/><V116/><F116/><W32/><G32/><T108/><D108/><U95/><E5/><N who="2" m="3471" /><F43/><W59/><G59/><AGARI ba="0,1" hai="59,60,67,92,94,97,100,104" m="3471,44138" machi="59" ten="30,2000,0" yaku="15,1,11,1" doraHai="40" who="2" fromWho="3" sc="212,0,199,0,327,30,252,-20" /><INIT seed="6,0,0,1,2,33" ten="212,199,357,232" oya="2" hai0="84,39,70,93,119,121,108,57,54,107,78,43,8" hai1="92,76,52,79,21,15,116,71,27,110,44,42,69" hai2="59,20,9,18,83,19,106,23,120,133,25,132,98" hai3="91,101,48,64,32,35,13,131,67,65,4,96,49"/><V122/><F83/><W28/><G91/><T125/><D108/><U63/><E116/><V102/><F9/><W45/><G131/><T135/><D121/><U26/><E110/><V55/><F120/><W130/><G130/><T115/><D107/><U22/><E42/><V14/><REACH who="2" step="1"/><F122/><REACH who="2" ten="212,199,347,232" step="2"/><W74/><G74/><T24/><D8/><U10/><E69/><V47/><F47/><W86/><G45/><T94/><D78/><N who="1" m="29739" /><E71/><V85/><F85/><W81/><G35/><T51/><D84/><U127/><E92/><V129/><F129/><W88/><G32/><T38/><D70/><U61/><E127/><V41/><F41/><W128/><G128/><T123/><D125/><U114/><E114/><V112/><F112/><W72/><G72/><T34/><D123/><U97/><E97/><V95/><F95/><N who="3" m="58527" /><G28/><T75/><D115/><U117/><E117/><V60/><AGARI ba="0,1" hai="14,18,19,20,23,25,55,59,60,98,102,106,132,133" machi="60" ten="30,3000,0" yaku="1,1,0,1,53,0" doraHai="33" doraHaiUra="31" who="2" fromWho="2" sc="212,-10,199,-10,347,40,232,-10" /><INIT seed="6,1,0,1,0,108" ten="202,189,387,222" oya="2" hai0="66,53,27,30,88,100,84,85,112,38,52,135,70" hai1="15,127,18,78,32,61,103,8,4,11,25,48,29" hai2="68,96,122,102,59,49,26,16,105,126,51,106,129" hai3="125,80,115,83,92,58,98,31,36,101,22,1,5"/><V110/><F110/><W17/><G36/><T113/><D38/><U24/><E127/><V120/><F126/><W134/><G125/><T130/><D100/><U57/><E78/><V0/><F0/><W7/><G31/><T87/><D70/><U54/><E103/><V44/><F68/><W123/><G123/><T6/><D66/><U93/><E93/><V74/><F74/><W33/><G33/><T79/><D6/><N who="3" m="2057" /><G1/><T114/><D130/><U118/><E118/><V104/><F129/><W35/><G35/><N who="0" m="20959" /><D135/><U99/><E99/><V2/><F2/><W46/><G134/><T14/><D14/><U56/><E24/><V77/><F77/><W109/><G109/><T55/><D79/><U69/><E69/><V42/><F59/><W117/><G117/><T34/><D34/><U13/><REACH who="1" step="1"/><E56/><REACH who="1" ten="202,179,387,222" step="2"/><V60/><F120/><W23/><G58/><T39/><D39/><U86/><E86/><N who="0" m="22017" /><T64/><DORA hai="131" /><D64/><U76/><E76/><V94/><F122/><W107/><G92/><T21/><D21/><U63/><AGARI ba="1,1" hai="4,8,11,13,15,18,25,29,32,48,54,57,61,63" machi="63" ten="30,7900,0" yaku="1,1,0,1,53,2" doraHai="108,131" doraHaiUra="47,45" who="1" fromWho="1" sc="202,-21,179,92,387,-40,222,-21" /><INIT seed="7,0,0,2,3,93" ten="181,271,347,201" oya="3" hai0="105,52,64,13,34,109,72,45,80,124,6,66,10" hai1="112,133,121,50,38,115,0,54,40,74,30,8,23" hai2="114,69,14,19,25,118,18,11,27,62,113,88,46" hai3="107,85,32,131,92,108,129,117,2,110,67,41,9"/><W39/><G32/><T7/><D105/><U104/><E121/><V70/><F118/><W65/><G107/><T98/><D34/><U73/><E133/><V81/><F46/><W119/><G2/><T94/><D109/><N who="3" m="42089" /><G9/><T134/><D72/><U61/><E38/><V101/><F101/><W116/><G92/><T15/><D134/><U28/><E104/><V128/><F128/><N who="3" m="49227" /><G85/><T68/><D124/><U75/><E40/><V89/><F81/><W4/><G4/><T16/><D68/><U5/><E61/><V132/><F132/><W122/><G122/><T22/><D80/><U96/><E96/><V126/><F126/><W97/><G97/><T3/><D3/><U37/><E37/><V26/><F26/><W77/><G77/><T1/><D1/><U60/><E60/><V51/><F62/><W106/><G106/><T83/><D83/><U42/><E42/><V111/><F111/><W29/><G29/><T36/><D36/><U43/><E43/><V95/><F95/><W127/><G127/><T84/><D84/><U44/><E23/><V24/><F24/><W82/><G82/><T99/><D6/><U125/><E125/><V59/><F11/><W90/><G90/><N who="0" m="55639" /><D99/><U57/><E44/><AGARI ba="0,0" hai="39,41,44,65,67,116,117,119" m="49227,42089" machi="44" ten="40,12000,1" yaku="10,1,19,1,34,2" doraHai="93" who="3" fromWho="1" sc="181,0,271,-120,347,0,201,120" /><INIT seed="7,1,0,5,3,15" ten="181,151,347,321" oya="3" hai0="94,49,21,92,63,4,128,100,38,85,77,133,88" hai1="75,59,134,62,113,71,10,17,7,96,76,32,13" hai2="73,103,55,39,57,47,64,87,91,120,70,116,35" hai3="93,81,50,33,11,45,52,12,108,121,5,82,129"/><W78/><G33/><T115/><D38/><U135/><E113/><V102/><F116/><W114/><G121/><T29/><D4/><U53/><E32/><V40/><F73/><W124/><G114/><T79/><D63/><U86/><E75/><V20/><F120/><W22/><G129/><T18/><D115/><U83/><E71/><V97/><F35/><W130/><G130/><T2/><D128/><U30/><E30/><V51/><F20/><W74/><G124/><T31/><D2/><U127/><E127/><V111/><F111/><W131/><G131/><T42/><D133/><U54/><E96/><V72/><F72/><W1/><G108/><T126/><D126/><U26/><E53/><V112/><F112/><W104/><G104/><T69/><D69/><U14/><REACH who="1" step="1"/><E26/><REACH who="1" ten="181,141,347,321" step="2"/><V56/><F70/><W80/><G93/><T106/><D94/><U68/><E68/><V66/><F55/><W98/><G98/><T119/><D29/><U28/><E28/><V123/><F97/><W6/><REACH who="3" step="1"/><G22/><AGARI ba="1,1" hai="7,10,13,14,17,22,54,59,62,76,83,86,134,135" machi="22" ten="40,2600,0" yaku="1,1,52,1,53,0" doraHai="15" doraHaiUra="67" who="1" fromWho="3" sc="181,0,141,39,347,0,321,-29" owari="181,-22,180,-32,347,45,292,9" /></mjloggm>