<mjloggm ver="2.3"><GO type="137" lobby="0"/><UN n0="%54%69%74%65%63%68%74%68" n1="%47%72%69%6E%64%61" n2="%E7%95%99%E8%90%8C" n3="%E3%83%9D%E3%83%B3%E3%81%99%E3%81%91" dan="9,11,12,12" rate="1304.81,1730.06,1764.60,1848.20" sx="M,M,M,M"/><TAIKYOKU oya="0"/><INIT seed="0,0,0,1,1,51" ten="250,250,250,250" oya="0" hai0="107,91,29,18,33,121,82,74,72,75,101,112,64" hai1="73,85,48,14,79,63,47,113,23,41,100,77,59" hai2="40,93,49,125,106,129,24,128,43,21,105,32,10" hai3="7,65,66,2,70,123,87,80,37,53,16,127,92"/><T68/><D68/><U119/><BYE who="0" /><E119/><UN n0="%54%69%74%65%63%68%74%68" /><V34/><F10/><W39/><G123/><T84/><D64/><U108/><E73/><V22/><F93/><W60/><G66/><T99/><D18/><U116/><E116/><V11/><F11/><W78/><G127/><T55/><D29/><U13/><E113/><V30/><F125/><W88/><G2/><T42/><D42/><U96/><E14/><V132/><F21/><W67/><G7/><T69/><D33/><U17/><E85/><V103/><F132/><W111/><G67/><T104/><D69/><U25/><E13/><V9/><F9/><W122/><G122/><T28/><D28/><U117/><E117/><V35/><F103/><W27/><G53/><T81/><D55/><U45/><E45/><V52/><F106/><W109/><G109/><T124/><D124/><U95/><E108/><V118/><F105/><N who="0" m="40522" /><D121/><U26/><E26/><V83/><F83/><N who="0" m="31754" /><D112/><U90/><E100/><V86/><F86/><W46/><G46/><T54/><D54/><AGARI ba="0,0" hai="17,23,25,41,47,48,54,59,63,77,79,90,95,96" machi="54" ten="30,8000,1" yaku="7,1,25,2,8,1,52,1" doraHai="51" who="1" fromWho="0" sc="250,-80,250,80,250,0,250,0" /><INIT seed="1,0,0,2,4,103" ten="170,330,250,250" oya="1" hai0="66,120,22,37,26,23,127,80,102,131,13,117,47" hai1="57,49,71,96,73,20,12,70,64,69,128,62,61" hai2="52,0,48,110,106,40,126,38,58,85,46,67,108" hai3="94,29,59,115,42,93,51,113,53,107,122,88,9"/><U101/><E73/><V90/><F0/><W118/><G122/><T16/><D102/><U123/><E123/><V39/><F39/><W99/><G118/><T81/><D120/><U14/><E128/><V63/><F106/><W79/><G29/><T15/><D117/><U3/><E3/><V35/><F35/><W83/><G107/><T17/><D127/><U124/><E124/><V45/><F126/><W132/><G132/><T11/><D66/><U77/><E77/><V10/><F10/><W36/><G36/><T78/><D131/><U92/><E49/><V33/><F33/><W100/><G42/><T50/><D37/><U32/><E32/><V8/><F8/><W104/><G9/><T28/><REACH who="0" step="1"/><D78/><REACH who="0" ten="160,330,250,250" step="2"/><U75/><E101/><V55/><REACH who="2" step="1"/><F67/><REACH who="2" ten="160,330,240,250" step="2"/><W76/><G76/><T95/><D95/><AGARI ba="0,2" hai="38,40,45,46,48,52,55,58,63,85,90,95,108,110" machi="95" ten="40,8000,1" yaku="1,1,2,1,54,1,53,1" doraHai="103" doraHaiUra="54" who="2" fromWho="0" sc="160,-80,330,0,240,100,250,0" /><INIT seed="2,0,0,3,4,27" ten="80,330,340,250" oya="2" hai0="91,125,7,18,13,28,38,21,5,29,87,132,65" hai1="35,30,74,120,88,26,128,92,3,19,119,4,54" hai2="24,97,117,43,6,68,106,93,50,23,104,11,129" hai3="39,135,81,59,10,2,41,45,101,108,113,44,52"/><V121/><F121/><W51/><G113/><T110/><D38/><U124/><E74/><V76/><F117/><W109/><G101/><T99/><D110/><N who="3" m="42601" /><G2/><T36/><D125/><U90/><E119/><V37/><F68/><W25/><G10/><T63/><D36/><U56/><E120/><V85/><F37/><W67/><G25/><T47/><D47/><U100/><E124/><V78/><F129/><W1/><G1/><T34/><D132/><U79/><E79/><V107/><F24/><W15/><G15/><T116/><D116/><U83/><E19/><V33/><F33/><W49/><G81/><T0/><D99/><U114/><E114/><V62/><F62/><N who="3" m="38367" /><G49/><T95/><D5/><U22/><E35/><V16/><F23/><W105/><G105/><T9/><REACH who="0" step="1"/><D34/><REACH who="0" ten="70,330,340,250" step="2"/><U115/><E4/><V75/><F6/><W130/><G130/><T48/><D48/><U61/><E128/><V131/><F131/><W71/><G71/><AGARI ba="0,1" hai="0,7,9,13,18,21,28,29,63,65,71,87,91,95" machi="71" ten="30,8000,1" yaku="1,1,7,1,52,2,53,1" doraHai="27" doraHaiUra="12" who="0" fromWho="3" sc="70,90,330,0,340,0,250,-80" /><INIT seed="3,0,0,5,0,20" ten="160,330,340,170" oya="3" hai0="54,92,103,86,11,81,99,102,75,43,59,17,133" hai1="27,100,6,82,2,9,68,48,131,60,87,70,94" hai2="8,105,111,98,31,121,69,37,104,130,115,42,73" hai3="3,76,88,0,122,47,30,55,64,24,50,89,16"/><W83/><G122/><T113/><D43/><U12/><E131/><V85/><F69/><W79/><G0/><T106/><D113/><U49/><E48/><V33/><F8/><W118/><G3/><T4/><D133/><U5/><E5/><V78/><F115/><W72/><G76/><T35/><D35/><U127/><E127/><V96/><F121/><W53/><G118/><T46/><D46/><U129/><E129/><V18/><F130/><W15/><G64/><T93/><D17/><U77/><E60/><V90/><F18/><W108/><G55/><T38/><D38/><U109/><E2/><V51/><F111/><W74/><G74/><T19/><D19/><U23/><E109/><V25/><F51/><W97/><G97/><T101/><D75/><U57/><E57/><V134/><F134/><W45/><G45/><T65/><D65/><U56/><E56/><V44/><F73/><W52/><G53/><T107/><D106/><U125/><E49/><V62/><F62/><W36/><G36/><T117/><D117/><U132/><E132/><V135/><F135/><W67/><G67/><T120/><D120/><U34/><E34/><V28/><F28/><W32/><G108/><T7/><D107/><U112/><E112/><V95/><F78/><W61/><G61/><N who="0" m="36087" /><D11/><AGARI ba="0,0" hai="11,15,16,24,30,32,47,50,52,72,79,83,88,89" machi="11" ten="30,12000,1" yaku="7,1,52,1,54,3" doraHai="20" who="3" fromWho="0" sc="160,-120,330,0,340,0,170,120" /><INIT seed="3,1,0,3,2,123" ten="40,330,340,290" oya="3" hai0="34,21,15,68,87,97,17,76,102,22,14,128,64" hai1="5,8,54,27,47,20,19,132,48,88,80,52,107" hai2="59,112,35,104,73,90,120,125,116,115,43,4,10" hai3="66,82,121,7,135,89,60,23,31,78,103,46,53"/><W131/><G121/><T36/><D34/><U81/><E107/><V3/><F35/><W45/><G131/><T56/><D36/><U129/><E129/><V119/><F73/><W70/><G103/><T105/><D56/><U79/><E132/><V69/><F69/><W0/><G135/><T42/><D42/><U134/><E134/><V65/><F43/><W101/><G101/><T16/><D128/><U55/><E80/><V9/><F104/><W37/><G89/><T30/><D30/><U57/><E57/><V32/><F120/><W33/><G33/><T13/><D68/><U61/><E61/><V85/><F32/><W122/><G122/><T110/><D64/><U18/><E19/><V108/><F10/><W92/><G92/><T62/><D62/><U6/><E6/><V24/><F24/><W93/><G93/><T113/><D113/><U12/><E88/><V11/><F11/><N who="3" m="2535" /><G37/><T71/><D71/><U117/><E117/><V106/><F106/><W26/><G53/><T40/><D40/><U127/><E127/><V41/><F125/><W100/><G100/><T84/><D14/><U25/><REACH who="1" step="1"/><E27/><REACH who="1" ten="40,320,340,290" step="2"/><V72/><F119/><W58/><G58/><T1/><D1/><U111/><E111/><V94/><F116/><W51/><G51/><T130/><D130/><U124/><E124/><V28/><F108/><W98/><G98/><T75/><REACH who="0" step="1"/><D110/><REACH who="0" ten="30,320,340,290" step="2"/><U99/><E99/><V44/><F41/><W39/><G39/><T77/><D77/><U133/><E133/><V126/><F126/><W29/><G29/><T67/><D67/><U114/><E114/><RYUUKYOKU ba="1,2" sc="30,10,320,10,340,-30,290,10" hai0="13,15,16,17,21,22,75,76,84,87,97,102,105" hai1="5,8,12,18,20,25,47,48,52,54,55,79,81" hai3="23,26,31,45,46,60,66,70,78,82" /><INIT seed="3,2,2,0,3,121" ten="40,330,310,300" oya="3" hai0="50,74,90,98,120,45,96,79,53,18,67,71,60" hai1="9,19,93,131,119,39,25,118,116,26,107,112,13" hai2="86,103,76,134,0,42,68,44,57,4,27,128,89" hai3="40,102,5,81,88,133,16,130,83,46,80,10,32"/><W47/><G32/><T109/><D120/><U8/><E39/><V124/><F68/><W30/><G133/><T33/><D33/><U73/><E107/><V6/><F103/><W94/><G102/><T129/><D129/><U56/><E73/><V37/><F134/><W51/><G130/><T54/><D74/><U63/><E112/><V12/><F76/><W127/><G127/><T108/><D79/><U91/><E8/><V3/><F128/><W62/><G30/><T126/><D126/><U48/><E48/><V123/><F124/><W66/><G47/><T20/><D53/><N who="1" m="34191" /><E131/><V58/><F123/><W122/><G122/><T99/><REACH who="0" step="1"/><D90/><REACH who="0" ten="30,330,310,300" step="2"/><U23/><E91/><V100/><F100/><W72/><G72/><T106/><D106/><U113/><E113/><V38/><F38/><W87/><G80/><T43/><D43/><U65/><E93/><V14/><F37/><W61/><G40/><T77/><D77/><U111/><E65/><V22/><F42/><N who="3" m="25047" /><G81/><T1/><D1/><U85/><E119/><V2/><F0/><W36/><G36/><T15/><AGARI ba="2,3" hai="15,18,20,45,50,54,60,67,71,96,98,99,108,109" machi="15" ten="30,7900,0" yaku="1,1,0,1,52,2,53,0" doraHai="121" doraHaiUra="31" who="0" fromWho="0" sc="30,115,330,-22,310,-22,300,-41" /><INIT seed="4,0,0,5,1,47" ten="145,308,288,259" oya="0" hai0="1,13,122,132,114,93,61,14,85,75,69,3,56" hai1="118,12,25,7,38,22,57,33,117,87,94,30,71" hai2="21,4,113,133,5,126,23,53,102,109,32,19,41" hai3="98,45,29,128,59,80,125,89,65,49,18,129,135"/><T11/><D69/><U66/><E38/><V50/><F109/><W112/><G112/><T97/><D114/><U131/><E71/><V106/><F32/><W9/><G135/><T8/><D122/><U108/><E108/><V51/><F41/><W116/><G116/><T103/><D132/><U31/><E131/><N who="3" m="50250" /><G29/><T60/><D75/><U54/><E66/><V43/><F133/><W24/><G125/><T34/><D34/><U62/><E31/><V58/><F126/><W72/><G72/><T79/><D60/><U121/><E121/><V101/><F113/><W95/><G80/><N who="0" m="47263" /><D1/><U15/><E15/><N who="0" m="5641" /><D3/><U28/><E28/><V84/><F84/><W99/><G9/><T104/><D104/><U82/><E94/><V27/><F23/><N who="3" m="13431" /><G59/><T39/><D39/><U111/><E111/><V42/><F106/><W119/><G65/><AGARI ba="0,0" hai="8,11,56,61,65,93,97,103" m="5641,47263" machi="65" ten="30,1500,0" yaku="8,1" doraHai="47" who="0" fromWho="3" sc="145,15,308,0,288,0,259,-15" /><INIT seed="4,1,0,0,2,12" ten="160,308,288,244" oya="0" hai0="128,39,42,96,113,61,101,13,112,120,47,133,110" hai1="22,89,50,11,119,87,111,88,60,122,16,53,125" hai2="55,126,132,0,86,5,95,91,64,103,23,45,7" hai3="118,93,84,90,51,129,20,85,34,77,65,63,27"/><T57/><D13/><U116/><E122/><V123/><F123/><W104/><G118/><T46/><D120/><U134/><E60/><V32/><F32/><W58/><G34/><T69/><D101/><U72/><E72/><V49/><F64/><W17/><G129/><T44/><D96/><U74/><E74/><V76/><F23/><W1/><G1/><T35/><D35/><U67/><E67/><V28/><F28/><W121/><G121/><T30/><D30/><U73/><E73/><V130/><F130/><W68/><G104/><T100/><D100/><U59/><E111/><V54/><F54/><W94/><G68/><T38/><D110/><U71/><E71/><V9/><F5/><W10/><G10/><T37/><D128/><U48/><E134/><V29/><F29/><W66/><G51/><T33/><D33/><U81/><E11/><V21/><F132/><W82/><REACH who="3" step="1"/><G66/><REACH who="3" ten="160,308,288,234" step="2"/><N who="0" m="41167" /><D133/><U109/><E50/><V131/><F49/><W24/><G24/><T115/><D57/><U97/><E116/><V98/><F131/><W52/><G52/><T102/><D102/><U62/><E119/><V114/><F55/><W127/><G127/><T108/><D108/><U25/><E125/><V8/><F126/><W31/><G31/><T99/><D99/><U41/><E109/><V80/><F9/><W135/><G135/><T2/><D2/><U79/><E97/><V14/><F98/><W106/><G106/><T117/><D117/><U75/><E75/><V40/><F103/><W19/><G19/><T4/><D4/><U3/><E3/><V70/><F0/><RYUUKYOKU ba="1,1" sc="160,10,308,10,288,-30,234,10" hai0="37,38,39,42,44,46,47,112,113,115" hai1="16,22,25,41,48,53,59,62,79,81,87,88,89" hai3="17,20,27,58,63,65,77,82,84,85,90,93,94" /><INIT seed="4,2,1,5,5,120" ten="170,318,258,244" oya="0" hai0="78,62,49,134,26,93,87,89,99,3,60,64,116" hai1="40,77,16,81,132,4,44,20,23,127,24,84,17" hai2="18,50,100,39,53,109,126,7,48,71,113,112,9" hai3="34,102,0,41,11,130,1,121,85,123,28,118,70"/><T27/><D3/><U97/><E4/><V108/><F39/><W65/><G118/><T55/><D116/><U30/><E127/><V68/><F100/><W14/><G102/><T8/><D134/><U88/><E132/><V45/><F126/><W33/><G70/><T63/><D64/><U114/><E114/><N who="2" m="44139" /><F50/><W13/><G65/><T75/><D75/><U79/><E30/><V10/><F18/><W38/><G85/><T59/><D8/><N who="2" m="3178" /><F7/><W106/><G106/><T51/><D51/><N who="1" m="27015" /><E97/><V47/><F47/><W57/><G41/><T83/><AGARI ba="2,1" hai="26,27,49,55,59,60,62,63,78,83,87,89,93,99" machi="83" ten="30,3000,0" yaku="0,1,8,1" doraHai="120" who="0" fromWho="0" sc="170,46,318,-12,258,-12,244,-12" /><INIT seed="4,3,0,3,4,133" ten="216,306,246,232" oya="0" hai0="91,119,71,68,25,89,41,56,128,42,0,21,23" hai1="102,112,122,27,55,50,134,32,79,6,129,63,69" hai2="47,100,95,38,39,14,33,57,44,53,54,46,92" hai3="20,120,97,1,109,48,17,36,30,18,29,105,131"/><T118/><D0/><U31/><E122/><V98/><F33/><W114/><G36/><T125/><D25/><U84/><E134/><V19/><F92/><W3/><G109/><T81/><D81/><U8/><E129/><V37/><REACH who="2" step="1"/><F57/><REACH who="2" ten="216,306,236,232" step="2"/><W76/><G120/><T12/><D56/><U124/><E112/><V107/><F107/><W111/><G111/><T99/><D128/><U72/><E72/><V9/><AGARI ba="3,1" hai="9,14,19,37,38,39,44,46,47,53,54,95,98,100" machi="9" ten="40,2700,0" yaku="1,1,0,1,53,0" doraHai="133" doraHaiUra="2" who="2" fromWho="2" sc="216,-16,306,-10,236,46,232,-10" /><INIT seed="5,0,0,2,5,11" ten="200,296,282,222" oya="1" hai0="46,6,89,110,70,58,120,2,69,97,19,48,49" hai1="126,12,41,82,40,114,5,38,63,1,55,28,131" hai2="78,124,84,88,125,86,56,22,123,93,16,85,43" hai3="36,81,98,32,133,77,44,53,50,118,112,76,67"/><U127/><E28/><V30/><F43/><W14/><G118/><T8/><D110/><U33/><E33/><V20/><F30/><W4/><G32/><T59/><D120/><U61/><E1/><V111/><F123/><W80/><G112/><T64/><D48/><U117/><E117/><V132/><F111/><W92/><G133/><T65/><D70/><U72/><E114/><V116/><F116/><W62/><G36/><T17/><D69/><U25/><E25/><V34/><F34/><W54/><G54/><T7/><D2/><U9/><E131/><V135/><F78/><W74/><G4/><N who="0" m="1579" /><D8/><U0/><E0/><V57/><F16/><N who="0" m="6218" /><D97/><U106/><E106/><V95/><F88/><W68/><G76/><T101/><D89/><U60/><E55/><V113/><REACH who="2" step="1"/><F86/><REACH who="2" ten="200,296,272,222" step="2"/><W66/><G77/><T26/><D101/><U87/><E72/><V13/><F13/><W27/><G74/><T121/><D26/><U109/><E109/><V129/><F129/><W100/><G14/><T96/><D121/><U10/><E38/><V108/><F108/><W83/><G27/><T115/><D96/><U23/><E10/><V90/><F90/><W91/><REACH who="3" step="1"/><G67/><REACH who="3" ten="200,296,272,212" step="2"/><N who="0" m="25675" /><D115/><AGARI ba="0,2" hai="20,22,56,57,84,85,93,95,113,115,124,125,132,135" machi="115" ten="25,8000,1" yaku="1,1,22,2,53,2" doraHai="11" doraHaiUra="130" who="2" fromWho="0" sc="200,-80,296,0,272,100,212,0" /><INIT seed="6,0,0,0,5,94" ten="120,296,372,212" oya="2" hai0="125,46,71,2,14,18,105,38,130,30,66,91,123" hai1="59,102,22,20,118,79,69,110,89,133,67,12,60" hai2="41,26,45,16,85,120,132,131,122,134,10,8,100" hai3="92,116,107,19,51,82,108,87,114,68,95,44,54"/><V128/><F100/><W15/><G108/><T135/><D2/><U113/><E110/><V98/><F98/><W33/><G33/><T121/><D105/><U17/><E118/><V96/><F96/><W52/><G107/><T77/><D38/><U97/><E113/><V37/><F85/><W126/><G116/><T6/><D71/><U129/><E129/><N who="2" m="49739" /><F122/><N who="0" m="46602" /><D66/><U90/><E133/><N who="2" m="51307" /><F120/><W78/><G126/><T99/><D135/><U109/><E109/><V43/><F43/><W29/><G29/><T48/><D77/><U88/><E79/><V75/><F75/><W103/><G114/><T73/><D125/><U84/><E84/><V117/><F117/><W34/><G34/><T119/><D119/><U101/><E69/><V106/><F106/><W76/><G68/><T104/><D30/><U27/><REACH who="1" step="1"/><E97/><REACH who="1" ten="120,286,372,212" step="2"/><V81/><F81/><W115/><G115/><T5/><D99/><U32/><E32/><V65/><F65/><W74/><G103/><T55/><D130/><U53/><E53/><V24/><F24/><W72/><G76/><T4/><D73/><U13/><E13/><V61/><F61/><W0/><G72/><T3/><D3/><U21/><E21/><AGARI ba="0,1" hai="8,10,16,21,26,37,41,45" m="51307,49739" machi="21" ten="30,5800,0" yaku="19,1,20,1,54,1" doraHai="94" who="2" fromWho="1" sc="120,0,286,-58,372,68,212,0" /><INIT seed="6,1,0,2,3,3" ten="120,228,440,212" oya="2" hai0="41,117,69,84,32,77,14,17,54,15,130,59,47" hai1="74,101,91,35,98,22,110,52,119,4,86,5,115" hai2="116,114,39,11,31,26,16,134,102,28,112,66,33" hai3="78,51,126,106,79,113,21,55,13,49,48,1,67"/><V104/><F39/><W19/><G106/><T90/><D32/><U80/><E35/><V53/><F31/><W88/><G1/><T118/><D117/><U64/><E119/><V83/><F116/><W72/><G126/><T124/><D118/><U75/><E110/><V34/><F83/><W65/><G113/><N who="2" m="43625" /><F66/><W63/><G72/><T92/><D124/><U71/><E115/><V131/><F53/><W10/><G55/><T2/><D130/><U109/><E109/><V7/><F131/><W45/><G45/><T76/><D2/><U95/><E71/><V20/><F104/><W6/><G88/><T97/><D69/><U123/><E64/><V100/><F134/><W57/><REACH who="3" step="1"/><G67/><REACH who="3" ten="120,228,440,202" step="2"/><T133/><D133/><U46/><E123/><V128/><F128/><W36/><G36/><T18/><D15/><U0/><E0/><N who="2" m="487" /><F34/><W125/><G125/><T12/><D12/><AGARI ba="1,1" hai="12,16,20,26,28,33,100,102" m="487,43625" machi="12" ten="30,11600,0" yaku="24,1,15,1,52,1,54,1" doraHai="3" who="2" fromWho="0" sc="120,-119,228,0,440,129,202,0" /><INIT seed="6,2,0,4,2,23" ten="1,228,569,202" oya="2" hai0="132,24,55,92,77,126,82,44,13,52,133,80,62" hai1="104,45,131,114,73,11,48,78,31,63,53,99,42" hai2="98,64,8,20,69,117,14,109,21,119,134,19,111" hai3="125,83,3,25,16,58,115,40,127,30,116,79,65"/><V1/><BYE who="0" /><F1/><W46/><G116/><N who="2" m="44617" /><F98/><W50/><G3/><T95/><D95/><U89/><E114/><V88/><F134/><W22/><G115/><T130/><D130/><U71/><E131/><V7/><F69/><W54/><G65/><T56/><D56/><U94/><E31/><V2/><F64/><W135/><G135/><T103/><D103/><U107/><E73/><V6/><F88/><W28/><G127/><T112/><D112/><U123/><E78/><V5/><F2/><W67/><G67/><T106/><D106/><U29/><E11/><V86/><F86/><N who="3" m="48511" /><G125/><T61/><D61/><AGARI ba="2,0" hai="16,22,25,28,30,40,46,50,54,58,61" m="48511" machi="61" ten="30,3900,0" yaku="8,1,52,1,54,1" doraHai="23" who="3" fromWho="0" sc="1,-45,228,0,569,0,202,45" owari="-44,-54,228,-17,569,66,247,5" /></mjloggm>