<mjloggm ver="2.3"><GO type="137" lobby="0"/><UN n0="%42%6F%6E%63%68%61%6E%38" n1="%E5%91%B3%E7%94%98" n2="%E3%81%AA%E3%81%AA%33%32%36%36%33%34" n3="%E7%95%99%E8%90%8C" dan="12,12,12,12" rate="1734.42,1626.01,1620.53,1757.21" sx="M,M,M,M"/><TAIKYOKU oya="0"/><INIT seed="0,0,0,0,3,62" ten="250,250,250,250" oya="0" hai0="20,120,121,1,24,128,54,79,74,31,21,64,75" hai1="41,135,134,98,25,87,36,29,43,70,114,77,57" hai2="67,37,92,44,116,3,82,104,27,100,23,95,58" hai3="132,60,35,53,47,113,66,85,76,89,2,33,84"/><T14/><D1/><U12/><E70/><V103/><F3/><W130/><G113/><T26/><D128/><U80/><E114/><V109/><F109/><W16/><G2/><T38/><D38/><U32/><E36/><V94/><F116/><W10/><G130/><T101/><D101/><U56/><E98/><V91/><F104/><W71/><G132/><N who="1" m="50730" /><E12/><V61/><F37/><W50/><G35/><T69/><D14/><U102/><E102/><V97/><F44/><W11/><G33/><T19/><D54/><U65/><E56/><V17/><REACH who="2" step="1"/><F82/><REACH who="2" ten="250,250,240,250" step="2"/><N who="3" m="49303" /><G76/><T96/><D79/><U112/><E112/><V0/><F0/><W28/><G28/><T81/><D81/><U6/><E6/><V88/><F88/><W123/><G123/><T63/><REACH who="0" step="1"/><D96/><REACH who="0" ten="240,250,240,250" step="2"/><U83/><E83/><V72/><F72/><AGARI ba="0,2" hai="19,20,21,24,26,31,63,64,69,72,74,75,120,121" machi="72" ten="40,7700,0" yaku="1,1,2,1,52,1,53,0" doraHai="62" doraHaiUra="45" who="0" fromWho="2" sc="240,97,250,0,240,-77,250,0" /><INIT seed="0,1,0,4,5,98" ten="337,250,163,250" oya="0" hai0="59,99,72,88,50,6,19,124,58,23,33,43,28" hai1="36,2,39,97,103,38,62,46,66,68,112,89,82" hai2="74,35,75,13,76,24,32,101,123,86,90,119,87" hai3="108,92,54,40,96,52,100,12,73,81,8,110,47"/><T22/><D72/><U53/><E2/><V120/><F101/><W113/><G113/><T134/><D124/><U51/><E82/><V80/><F119/><W106/><G106/><T5/><D134/><U77/><E77/><V105/><F105/><W61/><G73/><T37/><D37/><U1/><E1/><V114/><F114/><W94/><G81/><T70/><D70/><U41/><E89/><V118/><F118/><W21/><G21/><T129/><D129/><U133/><E133/><V26/><F13/><W132/><G132/><T122/><D33/><U128/><E128/><V48/><F48/><W116/><G116/><T9/><D28/><U3/><E3/><V15/><F15/><W60/><G40/><T17/><D122/><U91/><E91/><V16/><F90/><W125/><G125/><T14/><D5/><U49/><E49/><V30/><F30/><W64/><G47/><N who="0" m="25983" /><D23/><U135/><E135/><V117/><F117/><W65/><G12/><N who="0" m="9511" /><D6/><U78/><E78/><V95/><F95/><AGARI ba="1,0" hai="9,14,19,58,59,88,95,99" m="9511,25983" machi="95" ten="30,2900,0" yaku="8,1,54,1" doraHai="98" who="0" fromWho="2" sc="337,32,250,0,163,-32,250,0" /><INIT seed="0,2,0,4,4,130" ten="369,250,131,250" oya="0" hai0="124,11,62,102,53,48,55,21,76,45,133,91,47" hai1="20,6,104,78,84,113,44,31,122,74,116,7,73" hai2="63,46,106,110,121,111,19,37,28,42,50,69,93" hai3="12,83,18,49,97,72,134,17,87,99,109,119,114"/><T90/><D124/><U131/><E104/><V82/><F121/><W66/><G119/><T4/><D133/><U10/><E116/><V98/><F106/><W56/><G114/><T13/><D102/><U14/><E122/><V80/><F28/><W61/><G134/><T68/><D68/><U38/><E131/><V0/><F0/><W105/><G109/><T86/><D21/><U57/><E6/><V120/><F120/><W96/><G105/><T128/><D128/><U29/><E74/><V117/><F117/><W107/><G107/><T127/><D127/><U89/><E78/><V118/><F118/><W23/><G72/><T43/><D62/><U51/><E38/><V9/><F37/><W70/><G18/><T94/><D47/><U26/><E57/><V81/><F69/><W129/><G129/><T54/><D94/><U58/><E58/><V88/><F63/><W103/><G103/><T100/><D100/><U60/><E60/><V36/><F36/><W125/><G125/><T67/><REACH who="0" step="1"/><D67/><REACH who="0" ten="359,250,131,250" step="2"/><U15/><E113/><V108/><F108/><W8/><G70/><T27/><D27/><U101/><E101/><V59/><F111/><W64/><G64/><T33/><D33/><U30/><E73/><V75/><F110/><W39/><G39/><T126/><D126/><U132/><E14/><N who="2" m="7631" /><F75/><W41/><G49/><T95/><D95/><N who="1" m="54695" /><E132/><V92/><F92/><W115/><G115/><T16/><D16/><U71/><E71/><V135/><F135/><W2/><BYE who="2" /><G41/><AGARI ba="2,1" hai="7,10,15,20,26,29,30,31,41,44,51" m="54695" machi="41" ten="30,1000,0" yaku="8,1" doraHai="130" who="1" fromWho="3" sc="359,0,250,26,131,0,250,-16" /><INIT seed="1,0,0,1,1,105" ten="359,276,131,234" oya="1" hai0="22,128,79,59,14,96,88,23,103,4,94,132,41" hai1="70,51,2,65,106,123,18,17,84,81,64,112,21" hai2="87,89,100,80,109,115,37,99,117,30,74,42,0" hai3="107,49,53,12,97,121,34,102,108,69,26,39,47"/><U25/><E123/><V62/><F62/><W20/><G69/><T92/><D132/><U13/><E2/><V60/><F60/><W32/><G121/><T31/><D128/><U52/><E70/><V1/><F1/><W67/><G67/><T11/><D31/><U58/><E106/><V78/><F78/><W48/><G39/><T131/><D131/><U85/><E85/><V76/><F76/><W66/><G66/><T9/><D9/><U130/><E130/><V27/><F27/><W113/><G113/><T46/><D59/><U40/><E40/><V44/><F44/><W29/><G108/><T134/><D134/><U28/><E17/><V91/><F91/><W35/><G49/><T6/><D6/><U71/><E71/><V135/><F135/><W5/><G12/><T129/><D129/><U38/><E38/><V61/><F61/><W126/><REACH who="3" step="1"/><G5/><REACH who="3" ten="359,276,131,224" step="2"/><T110/><D110/><U19/><E112/><V63/><F63/><W122/><G122/><T114/><D114/><U24/><E24/><V101/><F101/><W45/><G45/><T120/><D120/><U75/><E19/><V82/><F82/><W43/><G43/><T33/><D33/><U119/><E65/><V72/><F72/><W95/><G95/><T93/><D93/><U56/><E64/><V10/><F10/><W111/><G111/><T8/><D8/><N who="1" m="6439" /><E75/><V118/><F118/><W77/><G77/><T83/><D94/><U86/><E119/><V68/><F68/><W55/><G55/><T54/><D54/><U7/><E7/><V98/><F98/><W36/><G36/><RYUUKYOKU ba="0,1" sc="359,-10,276,-10,131,-10,224,30" hai3="20,26,29,32,34,35,47,48,53,97,102,107,126" /><INIT seed="2,1,1,1,0,81" ten="349,266,121,254" oya="2" hai0="94,42,82,18,59,104,103,79,80,107,77,125,67" hai1="54,126,34,17,45,30,130,72,110,41,57,11,117" hai2="121,86,38,132,135,131,62,109,37,99,16,23,29" hai3="4,50,122,101,113,14,43,26,46,8,134,20,51"/><V102/><F102/><W84/><G122/><T3/><D3/><U95/><E117/><V61/><F61/><W32/><G101/><T65/><D42/><U2/><E110/><V52/><F52/><W100/><G100/><T106/><D59/><U36/><E72/><V27/><F27/><W53/><G84/><N who="0" m="48143" /><D18/><U68/><E68/><V58/><F58/><W22/><G32/><T120/><D67/><U89/><E30/><V5/><F5/><W123/><G123/><T128/><D65/><U10/><E34/><V64/><F64/><W60/><G113/><T98/><D120/><U66/><E66/><V31/><F31/><W63/><G134/><T124/><D128/><U56/><E130/><V35/><F35/><W90/><G90/><T92/><D92/><U33/><E57/><V7/><F7/><W83/><G83/><T87/><AGARI ba="1,1" hai="79,82,87,94,98,103,104,106,107,124,125" m="48143" machi="87" ten="40,8000,1" yaku="34,2,52,2" doraHai="81" who="0" fromWho="0" sc="349,93,266,-21,121,-41,254,-21" /><INIT seed="3,0,0,0,4,19" ten="442,245,80,233" oya="3" hai0="71,41,79,52,93,89,40,22,127,5,121,108,55" hai1="24,51,97,132,81,101,109,63,102,4,104,94,37" hai2="82,1,96,64,65,0,21,26,28,62,20,126,111" hai3="130,84,72,131,46,87,61,135,45,116,117,66,42"/><W31/><G72/><T10/><D71/><U30/><E37/><V99/><F99/><W17/><G31/><T27/><D121/><U115/><E115/><V13/><F13/><W8/><G135/><T86/><D108/><U50/><E109/><V129/><F129/><N who="3" m="49163" /><G8/><T43/><D79/><U70/><E4/><V105/><F105/><W114/><G17/><T32/><D32/><U85/><E102/><V23/><F23/><W75/><G75/><T98/><D98/><U33/><E94/><V68/><F68/><N who="3" m="42063" /><G114/><T122/><D127/><U106/><E106/><V48/><F48/><N who="3" m="26679" /><G46/><T58/><D122/><U6/><E6/><V119/><F119/><AGARI ba="0,0" hai="84,87,116,117,119" m="26679,42063,49163" machi="119" ten="30,1500,0" yaku="19,1" doraHai="19" who="3" fromWho="2" sc="442,0,245,0,80,-15,233,15" /><INIT seed="3,1,0,5,0,11" ten="442,245,65,248" oya="3" hai0="21,20,14,72,47,83,8,43,41,97,63,105,55" hai1="57,12,30,62,116,1,123,51,106,13,44,48,65" hai2="87,128,111,40,71,49,131,61,4,98,129,91,53" hai3="5,100,18,36,120,89,85,67,50,37,66,112,74"/><W23/><G74/><T77/><D105/><U54/><E106/><V126/><F126/><W29/><G120/><T35/><D35/><U27/><E1/><V22/><F22/><W102/><G112/><T117/><D117/><U56/><E116/><V114/><F114/><W86/><G5/><T99/><D43/><U10/><E10/><V104/><F104/><W7/><G7/><T19/><D97/><U127/><E127/><V80/><F80/><W38/><G50/><T16/><D99/><U28/><E123/><V45/><F45/><W115/><G115/><T88/><D19/><U75/><E75/><V59/><F59/><W122/><G122/><T92/><D55/><N who="1" m="30087" /><E27/><V52/><F52/><W133/><G133/><T25/><D25/><U135/><E135/><V34/><F34/><W46/><G29/><AGARI ba="1,0" hai="12,13,28,29,30,51,54,56,57,62,65" m="30087" machi="29" ten="30,3900,0" yaku="8,1,52,2" doraHai="11" who="1" fromWho="3" sc="442,0,245,42,65,0,248,-42" /><INIT seed="4,0,0,4,4,34" ten="442,287,65,206" oya="0" hai0="23,48,122,74,40,70,35,76,78,107,38,20,89" hai1="17,51,73,12,92,39,13,100,134,79,2,44,54" hai2="27,11,46,26,8,28,67,29,59,109,130,121,87" hai3="9,125,25,96,33,127,98,128,45,6,58,37,43"/><T3/><D35/><U104/><E104/><V131/><F131/><W0/><G58/><T93/><D122/><U71/><E71/><V117/><F117/><W16/><G128/><T65/><D107/><U115/><E134/><V102/><F102/><W113/><G113/><T108/><D108/><U99/><E39/><V61/><F61/><W19/><G33/><T53/><D76/><U105/><E17/><N who="3" m="6730" /><G25/><T110/><D110/><U133/><E133/><V120/><F120/><W135/><G135/><T41/><D41/><U83/><E115/><V49/><F49/><W114/><G114/><T64/><D64/><U62/><E62/><V112/><F112/><W106/><G106/><T55/><D55/><U7/><REACH who="1" step="1"/><E105/><REACH who="1" ten="442,277,65,206" step="2"/><V52/><F52/><W68/><G68/><T129/><D65/><U66/><E66/><V90/><F90/><W18/><N who="3" m="6738" /><W31/><DORA hai="123" /><G31/><T126/><D70/><U36/><E36/><V119/><F119/><W14/><G14/><T4/><D129/><U94/><E94/><V21/><F21/><W82/><G82/><T80/><D126/><AGARI ba="0,1" hai="0,6,9,37,43,45,96,98,125,126,127" m="6738" machi="126" ten="40,5200,0" yaku="18,1,52,1,54,1" doraHai="34,123" who="3" fromWho="0" sc="442,-52,277,0,65,0,206,62" /><INIT seed="5,0,0,1,1,102" ten="390,277,65,268" oya="1" hai0="127,45,95,24,56,18,65,107,121,90,82,51,16" hai1="92,54,78,36,49,32,11,29,7,131,111,88,12" hai2="53,96,125,22,9,122,118,68,104,94,13,76,74" hai3="83,67,103,98,117,5,48,3,6,46,63,91,108"/><U133/><E36/><V75/><F75/><W62/><G108/><T2/><D2/><U1/><E78/><V100/><F100/><W52/><G117/><T130/><D130/><U109/><E133/><V134/><F134/><W84/><G3/><T64/><D64/><U55/><E131/><V115/><F115/><W114/><G114/><T39/><D39/><U4/><E54/><V21/><F21/><W123/><G123/><T27/><D121/><U86/><E1/><V89/><F89/><W44/><G44/><T50/><D107/><U129/><E129/><V30/><F30/><W19/><G19/><N who="0" m="7211" /><D82/><U8/><E29/><V126/><F126/><W79/><G79/><T41/><D127/><U99/><E32/><V70/><F70/><W119/><G119/><T31/><D31/><U110/><E86/><V14/><F14/><W15/><G15/><T113/><D113/><U35/><E35/><V135/><F135/><W61/><REACH who="3" step="1"/><G67/><REACH who="3" ten="390,277,65,258" step="2"/><T116/><D116/><U57/><E8/><V97/><F97/><W132/><G132/><T37/><D37/><U25/><E25/><V59/><F59/><W10/><G10/><T66/><D65/><U28/><E28/><V26/><F26/><W106/><AGARI ba="0,1" hai="5,6,46,48,52,61,62,63,83,84,91,98,103,106" machi="106" ten="30,8000,1" yaku="1,1,0,1,52,1,54,1,53,1" doraHai="102" doraHaiUra="81" who="3" fromWho="3" sc="390,-20,277,-40,65,-20,258,90" /><INIT seed="6,0,0,4,2,84" ten="370,237,45,348" oya="2" hai0="9,125,130,8,65,12,53,31,41,10,90,42,85" hai1="88,59,62,55,72,120,58,51,74,83,92,0,91" hai2="1,116,113,25,110,30,48,54,123,52,77,99,64" hai3="81,79,5,7,78,34,89,128,98,20,22,63,70"/><V132/><F132/><W129/><G34/><T66/><D130/><N who="3" m="50281" /><G70/><T23/><D125/><U47/><E0/><V32/><F32/><W106/><G106/><T13/><D53/><U96/><E59/><V2/><F2/><W101/><G63/><T75/><D75/><U107/><E107/><V60/><F60/><W35/><G35/><T15/><D23/><N who="3" m="8745" /><G101/><T97/><D97/><U57/><E57/><V40/><F40/><N who="0" m="15466" /><D31/><U112/><E112/><V39/><F39/><W18/><G18/><T118/><D118/><U102/><E120/><V87/><F87/><N who="3" m="50415" /><G98/><T119/><D119/><U109/><E109/><V45/><F45/><W17/><G17/><T26/><D26/><U126/><E126/><V43/><F43/><W33/><G33/><T95/><AGARI ba="0,0" hai="8,9,10,12,13,15,65,66,85,90,95" m="15466" machi="95" ten="40,2700,0" yaku="8,1,52,1" doraHai="84" who="0" fromWho="0" sc="370,27,237,-7,45,-13,348,-7" /><INIT seed="7,0,0,3,2,38" ten="397,230,32,341" oya="3" hai0="95,30,76,88,31,83,109,62,51,12,86,6,41" hai1="101,20,125,77,57,116,75,58,29,34,97,39,53" hai2="5,126,63,105,128,32,133,59,131,93,81,82,47" hai3="103,84,44,18,13,17,91,14,40,35,19,135,94"/><W104/><G35/><T22/><D109/><U24/><E125/><V79/><F79/><W108/><G135/><T87/><D62/><U61/><E116/><V110/><F110/><W11/><G108/><T70/><D70/><U64/><E77/><V2/><F2/><W33/><G33/><T43/><D51/><U46/><E75/><V130/><F130/><W23/><G104/><T127/><D127/><U56/><E34/><V98/><F98/><W113/><G113/><T78/><D78/><U65/><E65/><V1/><F1/><W27/><G103/><T102/><D102/><U106/><E53/><V71/><F71/><W16/><REACH who="3" step="1"/><G27/><REACH who="3" ten="397,230,32,331" step="2"/><UN n2="%E3%81%AA%E3%81%AA%33%32%36%36%33%34" /><T45/><D45/><U129/><E106/><V117/><F105/><W120/><G120/><T134/><D134/><U50/><E129/><N who="2" m="49739" /><F117/><W72/><G72/><T15/><D12/><U89/><E89/><V52/><F32/><W132/><G132/><T55/><D55/><U8/><E101/><V111/><F5/><W10/><G10/><N who="0" m="4567" /><D31/><U96/><E8/><V26/><F126/><W49/><AGARI ba="0,1" hai="11,13,14,16,17,18,19,23,40,44,49,84,91,94" machi="49" ten="20,18000,2" yaku="1,1,0,1,7,1,8,1,52,1,54,1,53,0" doraHai="38" doraHaiUra="121" who="3" fromWho="3" sc="397,-60,230,-60,32,-60,331,190" owari="337,14,170,-23,-28,-53,521,62" /></mjloggm>