<mjloggm ver="2.3"><GO type="137" lobby="0"/><UN n0="%E6%B3%A1%E6%B2%AB%E3%81%AE%E8%99%B9" n1="%6B%65%6E%74%61%6B%61" n2="%E7%95%99%E8%90%8C" n3="%E5%A4%A7%E8%81%96%E6%AD%B8%E4%BE%86" dan="13,12,12,11" rate="1746.41,1561.36,1760.80,1610.75" sx="M,M,M,M"/><TAIKYOKU oya="0"/><INIT seed="0,0,0,5,5,115" ten="250,250,250,250" oya="0" hai0="10,36,54,132,44,60,108,75,69,45,84,12,112" hai1="1,32,128,3,70,38,52,99,29,90,113,130,6" hai2="131,67,33,15,2,118,104,66,103,117,43,121,87" hai3="19,7,56,93,58,129,109,61,116,26,20,74,34"/><T106/><D112/><U41/><E70/><V55/><F2/><W94/><G74/><T23/><D75/><U24/><E38/><V22/><F33/><W28/><G116/><N who="2" m="44649" /><F121/><W95/><G109/><T21/><D106/><U80/><E41/><V59/><F131/><N who="1" m="50217" /><E113/><V122/><F122/><W63/><G129/><T110/><D132/><U71/><E71/><V48/><F43/><W135/><G7/><T25/><D36/><U47/><E6/><V42/><F42/><W107/><G107/><T124/><D124/><U57/><E47/><V73/><F73/><W96/><G135/><T120/><D120/><U123/><E123/><V72/><F72/><W11/><G34/><T100/><D45/><U89/><E89/><V77/><F104/><W64/><G11/><T76/><D44/><U133/><E133/><V35/><F35/><W13/><G13/><T125/><D125/><U9/><E9/><V62/><F103/><W86/><G86/><T0/><D100/><U111/><E111/><V4/><F48/><W119/><G119/><T65/><D0/><U79/><E99/><V53/><F53/><N who="3" m="33935" /><G19/><T37/><D54/><U92/><E79/><V126/><F126/><W49/><G49/><T40/><D40/><U31/><E31/><V14/><F87/><W78/><G78/><T16/><D37/><U98/><E80/><V46/><F77/><W30/><G28/><T51/><D51/><AGARI ba="0,0" hai="1,3,24,29,32,51,52,57,90,92,98" m="50217" machi="51" ten="30,2000,0" yaku="19,1,54,1" doraHai="115" who="1" fromWho="0" sc="250,-20,250,20,250,0,250,0" /><INIT seed="1,0,0,4,0,12" ten="230,270,250,250" oya="1" hai0="20,95,4,56,68,54,7,88,128,27,61,28,60" hai1="48,119,75,70,79,47,69,1,29,46,53,82,130" hai2="121,58,127,40,113,14,66,103,21,19,32,35,106" hai3="6,114,36,81,107,132,109,44,135,37,3,91,73"/><U50/><E119/><V24/><F121/><W118/><G114/><T49/><D128/><U89/><E130/><V71/><F71/><W98/><G118/><T11/><D68/><U23/><E1/><V33/><F40/><W65/><G65/><T99/><REACH who="0" step="1"/><D4/><REACH who="0" ten="220,270,250,250" step="2"/><U38/><E38/><V104/><F113/><W134/><G36/><T10/><D10/><U30/><E30/><V13/><F127/><W83/><G109/><T52/><D52/><U9/><E9/><V108/><F108/><W57/><G37/><T96/><D96/><U34/><E34/><V94/><F94/><W84/><G57/><T8/><D8/><U123/><E123/><V110/><F110/><W31/><G44/><T62/><D62/><U78/><E78/><V87/><F87/><W59/><G59/><T51/><D51/><U5/><E5/><V76/><F76/><W42/><G42/><T102/><D102/><U77/><E77/><V43/><F43/><W67/><G31/><T129/><D129/><U17/><E29/><V124/><F124/><W25/><G6/><T26/><D26/><U92/><E50/><V120/><F120/><W41/><G3/><AGARI ba="0,1" hai="3,7,11,20,27,28,49,54,56,60,61,88,95,99" machi="3" ten="30,7700,0" yaku="1,1,7,1,54,1,53,1" doraHai="12" doraHaiUra="55" who="0" fromWho="3" sc="220,87,270,0,250,0,250,-77" /><INIT seed="2,0,0,3,2,64" ten="307,270,250,173" oya="2" hai0="67,107,130,105,120,104,74,113,7,96,38,102,31" hai1="70,54,6,10,4,5,37,39,69,41,46,88,126" hai2="3,22,40,90,98,59,133,57,108,95,82,93,81" hai3="76,83,27,111,33,117,92,91,86,65,97,124,2"/><V17/><F3/><W123/><G117/><T16/><D120/><U53/><E37/><V44/><F133/><W51/><G123/><T1/><D113/><U109/><E126/><V19/><F108/><W36/><G2/><T68/><D74/><U100/><E109/><V47/><F40/><W121/><G121/><T106/><D38/><U89/><E100/><V55/><F22/><W61/><G36/><T11/><D130/><U134/><E134/><V48/><F47/><W87/><G111/><T23/><D31/><U127/><E127/><V129/><F129/><W15/><G124/><T110/><D110/><U115/><E115/><V63/><F59/><W50/><G15/><T25/><REACH who="0" step="1"/><D67/><REACH who="0" ten="297,270,250,173" step="2"/><U66/><E66/><N who="2" m="39279" /><F93/><W119/><G119/><T21/><D21/><U80/><E80/><AGARI ba="0,1" hai="17,19,44,48,55,80,81,82,90,95,98" m="39279" machi="80" ten="30,1500,0" yaku="8,1" doraHai="64" who="2" fromWho="1" sc="297,0,270,-15,250,25,173,0" /><INIT seed="2,1,0,0,5,7" ten="297,255,275,173" oya="2" hai0="125,30,60,27,23,79,109,119,66,53,22,96,24" hai1="56,75,127,73,99,42,69,19,74,97,28,25,80" hai2="47,21,94,18,107,41,26,43,36,123,31,98,93" hai3="45,40,131,68,92,110,15,113,20,115,105,44,63"/><V126/><F123/><W14/><G105/><T4/><D109/><U103/><E127/><V133/><F41/><W72/><G110/><T83/><D125/><U51/><E69/><V90/><F126/><W57/><G72/><T130/><D130/><U95/><E80/><V135/><F107/><W58/><G68/><T34/><D119/><U32/><E19/><V11/><REACH who="2" step="1"/><F94/><REACH who="2" ten="297,255,265,173" step="2"/><W13/><G131/><T62/><D34/><U112/><E112/><N who="3" m="43082" /><G92/><T128/><D128/><U8/><E99/><V118/><F118/><W12/><G40/><T114/><D96/><U111/><E111/><V134/><F134/><W87/><G87/><T33/><D33/><U76/><E76/><V6/><F6/><W70/><G70/><T65/><D79/><U88/><E103/><V102/><F102/><W1/><G1/><T129/><D4/><U81/><E81/><V100/><F100/><W124/><G124/><T101/><D83/><U82/><E82/><V50/><F50/><W108/><G108/><T77/><D101/><U5/><E56/><N who="3" m="21610" /><G63/><T55/><D62/><U67/><E67/><V104/><F104/><W106/><G106/><T61/><D65/><U78/><E78/><V52/><F52/><W0/><G0/><T121/><D66/><U38/><E38/><V17/><F17/><AGARI ba="1,1" hai="12,13,14,15,17,20,44,45" m="21610,43082" machi="17" ten="40,1300,0" yaku="11,1" doraHai="7" who="3" fromWho="2" sc="297,0,255,0,265,-16,173,26" /><INIT seed="3,0,0,0,3,40" ten="297,255,249,199" oya="3" hai0="38,99,114,116,6,106,98,62,19,13,73,2,115" hai1="55,39,24,50,133,22,41,1,79,124,94,59,37" hai2="97,18,23,88,72,54,117,7,125,35,80,113,12" hai3="64,100,107,82,67,93,36,74,119,61,91,120,69"/><W43/><G120/><T21/><D38/><U135/><E1/><V123/><F117/><W84/><G119/><T68/><D73/><U48/><E79/><V56/><F35/><W66/><G36/><T14/><D116/><U20/><E124/><V134/><F113/><N who="0" m="43018" /><D2/><U103/><E103/><V52/><F125/><W83/><G43/><T129/><D129/><U8/><E8/><V108/><F123/><W27/><G27/><T130/><D106/><U110/><E110/><V9/><F108/><W60/><G74/><T29/><D29/><U28/><E94/><N who="2" m="56519" /><F72/><W86/><G107/><T17/><D6/><U81/><E81/><V121/><F121/><W49/><G49/><T70/><D62/><U131/><E131/><V58/><F134/><N who="1" m="51209" /><E20/><V87/><F7/><W65/><N who="3" m="16384" /><DORA hai="128" /><W101/><G69/><N who="0" m="26731" /><D130/><U77/><E77/><N who="2" m="46479" /><F9/><AGARI ba="0,0" hai="9,13,14,17,19,21,98,99" m="26731,43018" machi="9" ten="30,1000,0" yaku="11,1" doraHai="40,128" who="0" fromWho="2" sc="297,10,255,0,249,-10,199,0" /><INIT seed="4,0,0,0,2,4" ten="307,255,239,199" oya="0" hai0="53,40,21,36,126,82,24,73,97,74,0,101,49" hai1="28,65,106,35,16,18,104,55,17,99,56,9,90" hai2="54,134,57,5,123,66,52,76,124,118,72,45,108" hai3="61,127,3,93,114,121,119,11,41,67,31,110,102"/><T88/><D126/><U83/><E35/><V14/><F123/><W71/><G110/><T135/><D135/><U130/><E28/><V46/><F108/><W86/><G119/><T13/><D0/><U68/><E130/><V117/><F134/><W33/><G114/><T51/><D36/><U75/><E68/><V131/><F124/><W78/><G121/><T77/><D13/><U113/><E113/><V1/><F72/><W100/><G127/><T47/><D88/><U38/><E38/><V26/><F76/><W58/><G3/><T29/><D82/><U87/><E65/><V2/><F131/><W109/><G11/><T133/><D77/><U34/><E34/><V92/><F92/><W62/><G109/><T107/><D133/><U64/><E64/><V8/><F26/><W70/><G41/><T81/><REACH who="0" step="1"/><D81/><REACH who="0" ten="297,255,239,199" step="2"/><U96/><E75/><V98/><F1/><W10/><G78/><T43/><D43/><U85/><E85/><V125/><F2/><W80/><G93/><T7/><D7/><U27/><E27/><V94/><F125/><W111/><G111/><T44/><AGARI ba="0,1" hai="21,24,29,40,44,47,49,51,53,73,74,97,101,107" machi="44" ten="20,7800,0" yaku="1,1,0,1,7,1,53,1" doraHai="4" doraHaiUra="23" who="0" fromWho="0" sc="297,88,255,-26,239,-26,199,-26" /><INIT seed="4,1,0,5,4,54" ten="385,229,213,173" oya="0" hai0="33,125,94,104,18,109,9,16,48,37,51,41,3" hai1="87,58,52,32,84,86,6,72,110,24,74,5,100" hai2="8,1,131,119,135,10,55,29,85,71,42,76,81" hai3="7,95,75,102,78,107,98,68,127,19,21,66,90"/><T108/><D104/><U63/><E110/><N who="0" m="42601" /><D33/><U70/><E70/><V122/><F122/><W11/><G127/><T80/><D125/><U112/><E112/><V99/><F71/><W92/><G68/><T88/><D80/><U132/><E132/><V17/><F135/><W67/><G75/><T45/><D3/><U23/><E32/><V57/><F42/><W4/><G78/><T105/><D105/><U49/><E100/><V121/><F121/><W59/><G95/><T96/><D9/><U133/><E133/><V25/><F99/><W124/><G124/><T36/><D51/><U44/><E74/><V0/><F131/><W27/><G59/><T20/><D18/><N who="1" m="12407" /><E72/><V91/><F119/><W103/><G102/><T97/><D97/><U79/><E79/><V65/><F65/><AGARI ba="1,0" hai="5,6,44,49,52,58,63,65,84,86,87" m="12407" machi="65" ten="30,3900,0" yaku="8,1,52,1,54,1" doraHai="54" who="1" fromWho="2" sc="385,0,229,42,213,-42,173,0" /><INIT seed="5,0,0,4,4,15" ten="385,271,171,173" oya="1" hai0="80,45,1,74,17,105,116,68,38,64,71,66,16" hai1="12,120,133,82,25,121,96,60,19,89,78,128,55" hai2="37,132,79,32,46,9,29,48,123,83,95,127,20" hai3="35,86,101,112,72,90,115,40,75,102,94,109,53"/><U113/><E121/><V24/><F123/><W10/><G35/><T100/><D116/><U61/><E120/><V11/><F37/><W3/><G109/><T134/><D100/><U31/><E113/><N who="3" m="43594" /><G3/><T108/><D105/><U63/><E128/><V85/><F95/><W0/><G40/><T6/><D108/><U92/><E133/><V21/><F132/><W126/><G53/><T103/><D103/><N who="3" m="39433" /><G0/><T62/><D134/><U41/><E41/><V54/><REACH who="2" step="1"/><F127/><REACH who="2" ten="385,271,161,173" step="2"/><W107/><G10/><AGARI ba="0,1" hai="9,10,11,20,21,24,29,32,46,48,54,79,83,85" machi="10" ten="40,5200,0" yaku="1,1,2,1,53,1" doraHai="15" doraHaiUra="28" who="2" fromWho="3" sc="385,0,271,0,161,62,173,-52" /><INIT seed="6,0,0,1,4,54" ten="385,271,223,121" oya="2" hai0="130,99,28,6,40,9,94,73,117,24,45,69,13" hai1="123,23,76,50,58,85,98,39,2,111,67,118,49" hai2="20,7,86,15,32,57,78,125,63,43,42,105,74" hai3="81,102,68,75,22,17,119,66,56,134,30,96,103"/><V131/><F74/><W128/><G119/><T31/><D117/><U16/><E118/><V110/><F32/><W135/><G128/><T93/><D73/><U37/><E111/><V106/><F131/><W11/><G68/><T100/><D69/><U133/><E123/><V29/><F110/><W55/><G75/><T115/><D130/><U129/><E133/><N who="3" m="50698" /><G81/><T46/><D115/><U127/><E129/><V8/><F125/><W1/><G96/><N who="0" m="59407" /><D24/><N who="1" m="14439" /><E2/><V91/><F106/><W87/><G87/><T3/><D3/><U120/><E127/><V18/><F105/><W112/><G112/><T44/><D40/><U116/><E120/><V27/><F78/><W107/><G107/><T62/><D62/><N who="1" m="38359" /><E116/><V104/><F104/><W90/><G90/><AGARI ba="0,0" hai="6,9,13,28,31,44,45,46,90,94,99" m="59407" machi="90" ten="30,1000,0" yaku="8,1" doraHai="54" who="0" fromWho="3" sc="385,10,271,0,223,0,121,-10" /><INIT seed="7,0,0,5,2,107" ten="395,271,223,111" oya="3" hai0="13,128,99,131,127,42,95,18,46,111,104,83,65" hai1="28,10,125,119,45,17,121,41,60,88,7,126,86" hai2="117,36,30,74,129,90,12,24,124,105,101,69,130" hai3="40,53,110,62,19,96,112,97,39,57,87,75,122"/><W52/><G122/><T133/><D104/><U106/><E121/><V34/><F69/><W80/><G75/><T72/><D111/><U135/><E119/><V64/><F36/><W37/><G112/><T73/><D65/><U33/><E106/><V93/><F64/><W63/><G110/><T103/><D127/><N who="1" m="48651" /><E33/><V29/><F29/><W108/><G108/><T0/><D0/><N who="1" m="359" /><E28/><V6/><F74/><W22/><G37/><N who="0" m="21839" /><D83/><N who="1" m="49247" /><E135/><V84/><F124/><W25/><G39/><T85/><D85/><U2/><E2/><V79/><F117/><W71/><G40/><T47/><D47/><U67/><E17/><V35/><F35/><W51/><G71/><T31/><D31/><U16/><E16/><V91/><F6/><W32/><G32/><T115/><D133/><U43/><E45/><V5/><F5/><W21/><G22/><N who="0" m="11599" /><D115/><U77/><E77/><V100/><F12/><W61/><G53/><T4/><D4/><U3/><E3/><V116/><F116/><W78/><AGARI ba="0,0" hai="19,21,25,51,52,57,61,62,63,78,80,87,96,97" machi="78" ten="30,6000,0" yaku="0,1,8,1,54,1" doraHai="107" who="3" fromWho="3" sc="395,-20,271,-20,223,-20,111,60" /><INIT seed="7,1,0,1,3,62" ten="375,251,203,171" oya="3" hai0="113,31,27,96,98,134,15,111,34,36,33,67,132" hai1="101,114,115,127,90,18,117,100,65,51,37,11,24" hai2="14,0,133,70,116,73,16,129,97,71,92,47,41" hai3="13,32,29,59,118,76,93,19,46,23,95,26,77"/><W107/><G118/><T60/><D111/><U106/><E37/><V119/><F0/><W63/><G107/><T84/><D36/><U91/><E106/><V126/><F73/><W88/><G46/><T122/><D122/><U80/><E117/><V68/><F119/><W39/><G39/><T3/><D3/><U123/><E123/><V74/><F74/><W44/><G44/><T38/><D38/><U83/><E127/><V52/><F116/><W131/><G131/><T61/><D34/><U45/><E24/><V105/><F126/><W110/><G110/><T6/><D113/><N who="1" m="43019" /><E11/><V25/><F129/><W124/><G124/><T2/><D84/><N who="1" m="50439" /><E18/><V104/><F133/><N who="0" m="51306" /><D2/><U102/><E45/><V69/><N who="2" m="17920" /><DORA hai="99" /><V17/><F25/><W82/><G95/><T75/><D61/><U4/><E4/><V112/><F112/><W7/><G82/><T48/><D48/><U8/><E8/><V64/><F105/><W56/><G7/><T40/><D40/><U120/><E120/><V121/><F104/><W103/><G103/><N who="1" m="26370" /><U42/><DORA hai="79" /><E42/><V9/><F121/><W94/><G59/><T20/><D6/><U12/><E12/><V81/><F97/><W43/><G43/><T130/><D96/><U53/><E65/><V55/><F64/><W58/><G56/><T30/><D67/><U21/><E21/><V135/><F17/><W78/><REACH who="3" step="1"/><G88/><REACH who="3" ten="375,251,203,161" step="2"/><T86/><D130/><U125/><E125/><V128/><F128/><W87/><G87/><T50/><D86/><N who="1" m="50655" /><E51/><V28/><F28/><W49/><G49/><T57/><D50/><U10/><E10/><RYUUKYOKU ba="1,1" sc="375,-15,251,15,203,-15,161,15" hai1="53" hai3="13,19,23,26,29,32,58,63,76,77,78,93,94" /><INIT seed="7,2,1,4,4,82" ten="360,266,188,176" oya="3" hai0="79,57,55,34,44,52,76,38,22,53,46,81,94" hai1="0,50,8,68,15,116,61,129,114,126,35,39,120" hai2="28,54,78,31,17,60,101,7,21,58,51,63,37" hai3="45,62,70,4,41,112,69,108,9,49,25,121,96"/><W124/><G121/><T132/><D34/><U66/><RYUUKYOKU type="yao9" ba="2,1" sc="360,0,266,0,188,0,176,0" hai1="0,8,15,35,39,50,61,66,68,114,116,120,126,129" /><INIT seed="7,3,1,0,3,72" ten="360,266,188,176" oya="3" hai0="16,30,63,87,135,2,79,118,100,24,11,111,117" hai1="19,43,112,71,64,58,94,134,98,42,123,106,56" hai2="121,81,125,29,49,40,10,116,34,52,80,101,22" hai3="6,108,107,28,109,133,91,66,103,93,75,47,73"/><W130/><G133/><T45/><D111/><N who="3" m="42569" /><G47/><T105/><D135/><U48/><E106/><V70/><F116/><W65/><G28/><T95/><D105/><U37/><E123/><V96/><F70/><W13/><G130/><T129/><D129/><U38/><E112/><V119/><F119/><W21/><G107/><T1/><D63/><N who="1" m="40351" /><E94/><V62/><F121/><W120/><G120/><T131/><D131/><U0/><E98/><V20/><F125/><W78/><G103/><T89/><D2/><U110/><E0/><V128/><F128/><W92/><G75/><T25/><D1/><U27/><E19/><V36/><F34/><W17/><G6/><T74/><D100/><U90/><E27/><V97/><F36/><N who="1" m="13929" /><E90/><V59/><F10/><W9/><G9/><T35/><D11/><U132/><E110/><V23/><F29/><W126/><G126/><T32/><D32/><U44/><E134/><V127/><F127/><W82/><G92/><T67/><D95/><U124/><E132/><V84/><F40/><N who="1" m="15401" /><E124/><V12/><F12/><W7/><G7/><T55/><D35/><U76/><E76/><N who="2" m="46087" /><F81/><W68/><G68/><T53/><D79/><U88/><E88/><V26/><F26/><W54/><G54/><AGARI ba="3,1" hai="44,48,54,56,58" m="15401,13929,40351" machi="54" ten="30,8000,1" yaku="35,5" doraHai="72" who="1" fromWho="3" sc="360,0,266,99,188,0,176,-89" owari="360,16,365,46,188,-21,87,-41" /></mjloggm>