<mjloggm ver="2.3"><GO type="9" lobby="4807"/><UN n0="%E7%95%99%E8%90%8C" n1="%E3%81%B1%E3%81%B5%E3%81%83" n2="%E3%81%B0%E3%81%A3%E3%81%8F%E3%81%99" n3="%6E%61%6B%6B%61%61" dan="12,1,6,1" rate="1743.28,1358.48,1430.23,1465.42" sx="M,M,M,M"/><TAIKYOKU oya="0"/><INIT seed="0,0,0,5,4,82" ten="250,250,250,250" oya="0" hai0="39,119,104,126,83,100,124,56,33,125,110,135,54" hai1="32,105,129,66,35,27,118,87,3,78,13,25,41" hai2="75,58,91,45,88,71,90,57,67,123,74,114,132" hai3="94,26,1,134,99,55,80,73,64,37,21,29,62"/><T121/><D39/><U43/><E129/><V72/><F45/><W12/><G37/><T103/><D33/><U130/><E118/><V122/><F71/><W44/><G1/><T20/><D20/><U117/><E117/><V102/><F102/><N who="0" m="38954" /><D119/><U15/><E130/><V60/><F60/><W95/><G134/><T76/><D104/><U111/><E111/><V8/><F132/><W38/><G99/><T93/><D135/><U120/><E120/><V30/><F30/><W89/><G12/><T51/><D121/><N who="2" m="46090" /><F114/><W116/><G38/><T97/><D110/><U98/><E105/><V28/><F28/><W24/><G116/><T42/><D42/><U49/><E3/><V6/><F67/><W17/><G73/><N who="2" m="18689" /><V34/><DORA hai="69" /><F34/><W7/><G7/><T70/><D70/><U86/><E66/><V101/><F101/><W109/><G109/><T16/><D16/><U65/><E65/><V106/><F106/><W0/><G0/><T113/><D113/><U84/><E98/><V68/><F68/><W61/><G64/><T133/><D133/><U63/><E63/><N who="3" m="24074" /><G26/><N who="1" m="9738" /><E49/><V112/><F112/><W5/><G5/><T18/><D18/><U47/><E47/><V85/><F85/><N who="1" m="21761" /><U4/><DORA hai="2" /><E4/><V107/><F107/><W81/><G29/><T115/><D115/><U53/><E53/><V128/><F128/><W40/><G55/><T96/><D93/><N who="3" m="35337" /><G89/><N who="2" m="22785" /><V131/><DORA hai="14" /><F131/><W79/><G79/><T11/><D11/><U31/><E78/><V9/><F6/><W77/><G77/><T10/><D10/><AGARI ba="0,0" hai="8,9,10,57,58" m="22785,18689,46090" machi="10" ten="50,6400,0" yaku="28,2,54,1" doraHai="82,69,2,14" who="2" fromWho="0" sc="250,-64,250,0,250,64,250,0" /><INIT seed="1,0,0,4,5,23" ten="186,250,314,250" oya="1" hai0="101,14,51,120,11,102,52,104,69,74,124,38,46" hai1="55,114,58,84,59,43,115,34,96,54,125,53,49" hai2="97,36,44,39,19,76,2,119,110,7,82,133,129" hai3="90,106,75,62,92,65,79,67,31,6,68,128,10"/><U15/><E34/><V126/><F97/><W12/><G106/><T4/><D74/><U17/><E125/><V61/><F19/><W94/><G128/><T131/><D69/><U78/><E96/><V100/><F100/><W33/><G67/><T8/><D131/><U41/><E84/><V70/><F119/><W89/><G75/><T105/><D124/><U99/><E99/><V132/><F126/><W64/><G79/><T127/><D127/><U93/><E93/><V20/><F20/><W121/><G121/><T85/><D120/><U63/><E78/><V1/><F129/><W48/><G68/><T88/><D38/><N who="2" m="14378" /><F44/><W86/><G62/><T135/><D135/><N who="2" m="51786" /><F7/><W57/><G48/><T73/><D73/><U81/><E81/><V123/><F123/><W24/><REACH who="3" step="1"/><G57/><REACH who="3" ten="186,250,314,240" step="2"/><T42/><D42/><N who="1" m="15883" /><E15/><V95/><F110/><W71/><G71/><T22/><D105/><U98/><E98/><AGARI ba="0,1" hai="6,10,12,24,31,33,64,65,86,89,90,92,94,98" machi="98" ten="30,3900,0" yaku="1,1,7,1,52,1,53,0" doraHai="23" doraHaiUra="111" who="3" fromWho="1" sc="186,0,250,-39,314,0,240,49" /><INIT seed="2,0,0,1,0,43" ten="186,211,314,289" oya="2" hai0="102,56,53,108,78,50,73,119,115,33,94,55,86" hai1="45,69,17,87,8,134,133,29,4,113,9,126,58" hai2="27,16,35,116,11,18,51,38,120,130,63,131,74" hai3="14,129,26,28,100,111,89,39,22,101,1,34,105"/><V30/><F38/><W77/><G39/><T48/><D33/><U99/><E113/><V91/><F116/><W68/><G1/><T88/><D115/><U67/><E126/><V114/><F120/><W81/><G68/><T93/><D119/><U80/><E69/><V107/><F107/><W12/><G105/><T104/><D108/><U127/><E127/><V64/><F11/><W75/><G34/><T6/><D6/><U15/><E29/><V82/><F74/><W124/><G124/><T46/><D94/><U128/><E128/><N who="2" m="49195" /><F114/><W37/><G37/><T79/><D73/><U65/><E65/><V84/><F51/><W125/><G111/><T60/><REACH who="0" step="1"/><D60/><REACH who="0" ten="176,211,314,289" step="2"/><U122/><E122/><V90/><F90/><W40/><G125/><T19/><D19/><U21/><E8/><V24/><F24/><N who="3" m="16407" /><G129/><T95/><D95/><U20/><E4/><V42/><F42/><W62/><G75/><T98/><AGARI ba="0,1" hai="46,48,50,53,55,56,78,79,86,88,93,98,102,104" machi="98" ten="30,8000,1" yaku="1,1,0,1,52,1,54,1,53,1" doraHai="43" doraHaiUra="97" who="0" fromWho="0" sc="176,90,211,-20,314,-40,289,-20" /><INIT seed="3,0,0,3,1,87" ten="266,191,274,269" oya="3" hai0="105,50,100,122,13,6,117,30,118,62,54,119,4" hai1="17,67,24,53,94,114,19,59,43,112,21,46,1" hai2="77,8,107,132,127,128,121,11,84,2,66,48,33" hai3="38,125,130,90,108,32,81,103,97,63,88,92,49"/><W23/><G32/><T45/><D30/><U86/><E1/><V0/><F66/><W101/><G38/><T99/><D122/><U91/><E67/><V26/><F48/><W42/><G63/><T129/><D129/><U10/><E10/><V78/><F107/><W89/><G81/><T102/><D102/><U75/><E75/><V72/><F128/><W135/><G130/><T12/><REACH who="0" step="1"/><D62/><REACH who="0" ten="256,191,274,269" step="2"/><U36/><REACH who="1" step="1"/><E17/><REACH who="1" ten="256,181,274,269" step="2"/><V57/><F121/><W68/><G108/><T104/><D104/><U124/><E124/><V20/><F132/><W113/><G125/><T126/><D126/><U131/><E131/><V73/><F127/><W111/><G135/><T55/><D55/><U65/><E65/><V34/><F84/><N who="3" m="52231" /><G111/><T16/><D16/><U9/><E9/><N who="2" m="3659" /><F57/><W56/><G56/><T47/><D47/><U15/><E15/><AGARI ba="0,2" hai="4,6,12,13,15,45,50,54,99,100,105,117,118,119" machi="15" ten="40,1300,0" yaku="1,1,53,0" doraHai="87" doraHaiUra="7" who="0" fromWho="1" sc="256,33,181,-13,274,0,269,0" /><INIT seed="4,0,0,5,1,29" ten="289,168,274,269" oya="0" hai0="61,121,82,32,118,128,56,64,109,87,53,135,95" hai1="122,74,31,119,133,96,43,66,93,1,80,127,94" hai2="8,7,13,130,36,111,18,89,9,81,69,70,113" hai3="44,41,15,47,86,83,0,101,2,16,21,73,14"/><T12/><D121/><U84/><E74/><V123/><F111/><W4/><G101/><T51/><D118/><U63/><E122/><V58/><F123/><W103/><G103/><T67/><D32/><U48/><E119/><V76/><F113/><W100/><G100/><T60/><D109/><U52/><E133/><V17/><F36/><W132/><G41/><T106/><D106/><U68/><E127/><V98/><F98/><W62/><G73/><T27/><D135/><U112/><E112/><V131/><F58/><W117/><G117/><T75/><D75/><U72/><E1/><V108/><F108/><W28/><G132/><T91/><D27/><U33/><E72/><N who="2" m="43143" /><F89/><N who="3" m="51423" /><G62/><N who="0" m="24171" /><D128/><N who="2" m="49194" /><F7/><W10/><G2/><T134/><D134/><U92/><E43/><V97/><F97/><W40/><G0/><T90/><D12/><AGARI ba="0,0" hai="8,9,12,13,17,18,69,70" m="49194,43143" machi="12" ten="30,1000,0" yaku="19,1" doraHai="29" who="2" fromWho="0" sc="289,-10,168,0,274,10,269,0" /><INIT seed="5,0,0,1,1,54" ten="279,168,284,269" oya="1" hai0="128,59,88,65,89,33,47,113,102,92,83,106,52" hai1="111,3,22,30,53,125,12,56,55,109,61,15,67" hai2="28,107,51,110,58,95,119,78,36,103,26,16,112" hai3="98,34,101,39,108,104,76,77,23,40,126,11,8"/><U93/><E125/><V86/><F36/><W9/><G108/><T31/><D106/><U13/><E3/><V99/><F110/><N who="1" m="41993" /><E93/><V43/><F119/><W75/><G126/><T66/><D33/><U100/><E100/><V6/><F112/><W42/><G34/><T123/><D31/><U70/><E70/><V130/><F130/><W63/><G23/><T27/><D27/><AGARI ba="0,0" hai="12,13,15,22,27,30,53,55,56,61,67" m="41993" machi="27" ten="30,2900,0" yaku="10,1,52,1" doraHai="54" who="1" fromWho="0" sc="279,-29,168,29,284,0,269,0" /><INIT seed="5,1,0,0,0,130" ten="250,197,284,269" oya="1" hai0="74,15,34,129,127,53,14,47,43,27,111,24,92" hai1="21,87,61,59,55,114,103,46,57,113,95,99,96" hai2="128,133,2,22,35,28,7,64,40,73,117,38,106" hai3="131,65,19,56,41,45,115,29,48,30,9,124,18"/><U17/><E87/><V33/><F106/><W107/><G107/><T97/><D129/><U116/><E116/><V82/><F64/><W71/><G71/><T67/><D74/><U126/><E126/><V105/><F22/><W112/><G131/><T8/><D111/><U101/><E46/><N who="2" m="23831" /><F117/><W4/><G124/><T75/><D75/><U52/><E17/><N who="3" m="6154" /><G65/><T16/><D127/><U80/><E80/><V86/><F128/><W63/><G4/><T123/><D123/><U51/><REACH who="1" step="1"/><E21/><REACH who="1" ten="250,187,284,269" step="2"/><V3/><F105/><AGARI ba="1,1" hai="51,52,55,57,59,61,95,96,99,101,103,105,113,114" machi="105" ten="40,7700,0" yaku="1,1,2,1,54,1,53,0" doraHai="130" doraHaiUra="12" who="1" fromWho="2" sc="250,0,187,90,284,-80,269,0" /><INIT seed="5,2,0,4,4,62" ten="250,277,204,269" oya="1" hai0="79,104,66,115,30,102,15,12,125,105,3,87,73" hai1="52,84,45,133,95,85,93,8,127,48,103,129,1" hai2="46,21,57,97,18,134,59,58,64,86,114,76,124" hai3="0,94,88,119,126,131,35,99,16,113,44,118,2"/><U60/><E129/><V51/><F76/><W110/><G110/><T24/><D3/><N who="3" m="1065" /><G35/><T29/><D66/><U14/><E127/><V107/><F107/><W6/><G6/><T55/><D125/><U17/><E1/><V34/><F34/><W56/><G44/><T33/><D30/><U13/><E133/><V19/><F134/><W28/><G126/><T54/><D73/><U27/><E27/><V128/><F124/><W65/><G28/><T111/><D111/><U23/><E95/><V116/><F116/><N who="3" m="44587" /><G131/><T43/><D43/><U135/><E135/><V49/><F97/><N who="3" m="57543" /><G113/><T83/><D115/><U120/><E120/><V36/><F36/><W5/><G99/><T26/><D26/><U123/><E123/><V22/><F86/><W81/><G81/><T121/><D121/><U89/><E103/><V40/><F64/><W78/><G78/><T42/><D42/><U82/><E60/><V63/><F63/><N who="3" m="38119" /><G5/><T100/><D55/><U91/><REACH who="1" step="1"/><E14/><REACH who="1" ten="250,267,204,269" step="2"/><N who="2" m="9431" /><F128/><W132/><G132/><T98/><D54/><U101/><E101/><V80/><F114/><W32/><G32/><T11/><REACH who="0" step="1"/><D11/><AGARI ba="2,1" hai="8,11,13,17,23,45,48,52,82,84,85,89,91,93" machi="11" ten="40,12000,1" yaku="1,1,8,1,54,1,53,1" doraHai="62" doraHaiUra="41" who="1" fromWho="0" sc="250,-126,267,136,204,0,269,0" /><INIT seed="5,3,0,5,3,62" ten="124,403,204,269" oya="1" hai0="43,111,48,22,27,75,131,55,10,35,88,42,7" hai1="84,92,64,40,120,118,26,73,119,122,54,98,44" hai2="14,23,9,1,107,71,102,6,11,96,31,21,47" hai3="36,114,15,68,128,89,25,133,115,126,130,13,104"/><U46/><E73/><V85/><F85/><W65/><G36/><T86/><D75/><U59/><E26/><V121/><F71/><W123/><G123/><T60/><D111/><U95/><E84/><V19/><F47/><W100/><G89/><T109/><D109/><U16/><E16/><N who="2" m="8271" /><F96/><N who="3" m="61447" /><G25/><T110/><D110/><U50/><E95/><V103/><F107/><W125/><G133/><T116/><D116/><N who="1" m="44587" /><E98/><V33/><F103/><W124/><G68/><T4/><D35/><U57/><E92/><V72/><F72/><W134/><G134/><T97/><D131/><N who="3" m="50217" /><G65/><T52/><D97/><U94/><E94/><V18/><F102/><W127/><N who="3" m="32256" /><DORA hai="106" /><W56/><G56/><N who="1" m="21578" /><E64/><V12/><F121/><W74/><G74/><T108/><D108/><U29/><E29/><V51/><F51/><AGARI ba="3,0" hai="40,44,46,50,51,54,120,122" m="21578,44587" machi="51" ten="30,2900,0" yaku="34,2" doraHai="62,106" who="1" fromWho="2" sc="124,0,403,38,204,-38,269,0" /><INIT seed="5,4,0,0,5,97" ten="124,441,166,269" oya="1" hai0="107,28,65,122,1,70,51,101,33,109,87,21,90" hai1="44,10,111,130,86,121,108,22,63,112,118,79,31" hai2="74,103,98,92,96,117,4,2,132,77,64,84,94" hai3="68,8,34,39,105,71,126,46,113,6,30,114,26"/><U82/><E118/><V67/><F2/><W60/><G105/><T57/><D1/><U43/><E121/><V78/><F4/><W62/><G126/><T49/><D33/><U54/><E130/><V128/><F64/><W58/><G34/><T99/><D109/><N who="1" m="42059" /><E112/><N who="3" m="43114" /><G39/><T104/><D122/><U13/><E63/><N who="3" m="24106" /><G58/><T124/><D124/><U25/><E54/><V131/><F67/><W95/><G46/><T129/><D57/><U36/><E13/><V16/><F16/><W100/><G6/><T47/><D65/><U37/><E10/><V73/><F117/><W133/><G133/><T85/><D70/><N who="3" m="26665" /><G8/><T29/><D129/><N who="2" m="49738" /><F132/><W18/><G100/><T17/><D107/><U27/><E27/><V81/><F103/><W123/><G123/><T56/><D56/><U23/><E23/><V80/><F84/><W135/><G30/><T76/><D76/><U110/><E110/><V20/><F20/><N who="3" m="13591" /><G135/><T0/><D0/><U50/><AGARI ba="4,0" hai="22,25,31,36,37,43,44,50,79,82,86" m="42059" machi="50" ten="30,1500,0" yaku="10,1" doraHai="97" who="1" fromWho="1" sc="124,-9,441,27,166,-9,269,-9" /><INIT seed="5,5,0,4,4,49" ten="115,468,157,260" oya="1" hai0="60,63,9,44,104,48,30,108,70,93,89,88,114" hai1="41,99,107,87,7,117,42,64,125,110,103,25,53" hai2="68,102,10,134,40,100,57,135,38,79,52,33,82" hai3="85,73,113,22,26,129,65,97,21,17,67,34,23"/><U37/><E117/><V130/><F10/><W75/><G17/><T126/><D108/><U86/><E125/><V77/><F33/><W106/><G129/><T94/><D126/><U20/><E110/><V31/><F31/><W16/><G113/><T72/><D114/><U123/><E123/><V78/><F68/><W46/><G34/><T5/><D72/><U124/><E124/><V69/><F69/><W118/><G46/><T51/><D30/><U116/><E116/><V14/><F14/><N who="3" m="9367" /><G118/><T45/><D104/><U83/><E37/><V58/><F82/><W90/><G106/><T120/><D120/><U121/><E121/><V3/><F3/><W105/><G73/><T101/><D101/><N who="2" m="39018" /><F130/><W19/><G75/><T12/><D70/><U74/><E74/><V96/><F96/><W76/><G105/><T119/><D119/><U84/><E7/><V109/><F109/><W35/><G23/><T55/><D63/><U62/><E83/><V71/><F71/><W98/><G35/><T115/><D115/><U11/><E53/><V92/><F92/><N who="0" m="35434" /><D60/><U131/><E11/><V81/><F81/><N who="3" m="47271" /><G90/><T2/><D2/><U128/><E128/><V132/><F52/><AGARI ba="5,0" hai="5,9,12,44,45,48,51,52,55,88,89" m="35434" machi="52" ten="30,8000,1" yaku="8,1,52,2,54,2" doraHai="49" who="0" fromWho="2" sc="115,95,468,0,157,-95,260,0" /><INIT seed="6,0,0,1,0,83" ten="210,468,62,260" oya="2" hai0="107,7,96,104,128,2,71,6,116,39,27,118,37" hai1="22,8,81,74,84,21,127,94,76,85,117,122,100" hai2="125,5,72,110,14,49,62,18,11,24,12,121,48" hai3="108,86,61,89,88,97,55,80,60,68,0,103,56"/><V91/><F72/><W63/><G108/><T87/><D27/><U131/><E122/><V33/><F121/><W120/><G120/><T134/><D6/><U101/><E117/><N who="0" m="45161" /><D7/><U109/><E109/><V130/><F62/><N who="3" m="15875" /><W79/><DORA hai="41" /><G0/><T9/><D9/><U66/><E127/><V123/><F123/><W135/><G68/><T45/><D87/><U29/><E131/><V119/><F119/><W124/><G124/><T20/><D20/><U3/><E66/><V95/><F110/><W65/><G135/><T36/><D2/><U64/><E64/><V58/><F130/><W30/><G65/><T102/><D45/><U52/><E3/><V129/><F129/><W93/><G30/><T78/><D128/><U28/><E8/><N who="2" m="4111" /><F125/><W75/><G103/><N who="1" m="39498" /><E74/><V106/><F106/><N who="0" m="40490" /><D102/><U4/><E4/><N who="2" m="3431" /><F33/><W40/><G75/><T69/><D96/><U112/><E112/><V57/><F24/><W46/><G79/><T23/><D23/><N who="1" m="8715" /><E52/><V35/><F35/><W113/><G113/><T105/><D78/><U50/><E50/><N who="2" m="19563" /><F18/><W32/><G40/><T99/><N who="0" m="40498" /><T10/><DORA hai="111" /><D10/><U53/><E53/><V126/><F126/><W31/><G32/><T54/><D54/><U26/><E26/><V92/><F92/><W43/><G31/><T44/><D99/><AGARI ba="0,0" hai="57,58,91,95,99" m="19563,3431,4111" machi="99" ten="30,1500,0" yaku="8,1" doraHai="83,41,111" who="2" fromWho="0" sc="210,-15,468,0,62,15,260,0" /><INIT seed="6,1,0,4,1,99" ten="195,468,77,260" oya="2" hai0="73,124,123,15,54,111,63,104,127,119,29,105,81" hai1="68,59,131,83,52,37,110,72,113,42,82,128,89" hai2="98,28,9,36,2,134,44,22,25,106,107,78,45" hai3="101,61,13,10,121,66,93,39,126,58,32,117,133"/><V91/><F78/><W40/><G40/><T71/><D111/><U47/><E113/><V6/><F36/><W132/><G39/><T18/><D29/><U23/><E110/><V43/><F134/><N who="3" m="51819" /><G32/><T130/><D123/><U12/><E68/><V116/><F116/><W7/><G121/><T114/><D119/><U19/><E72/><V1/><F43/><W80/><G80/><T30/><D30/><U35/><E35/><V100/><F107/><W103/><G117/><T60/><D114/><U77/><E89/><V34/><F2/><W112/><G112/><T41/><D41/><U122/><E122/><V125/><F125/><N who="0" m="48202" /><D130/><N who="1" m="49707" /><E77/><V5/><F5/><W76/><G126/><T90/><D71/><U57/><E57/><V108/><F108/><W27/><G76/><N who="0" m="44175" /><D90/><U16/><E19/><V84/><REACH who="2" step="1"/><F22/><REACH who="2" ten="195,468,67,260" step="2"/><W118/><G118/><T79/><D105/><U109/><E109/><V88/><F88/><W38/><G38/><T49/><D104/><U95/><E95/><AGARI ba="1,1" hai="1,6,9,25,28,34,44,45,84,91,95,98,100,106" machi="95" ten="30,5800,0" yaku="1,1,7,1,52,1,53,0" doraHai="99" doraHaiUra="74" who="2" fromWho="1" sc="195,0,468,-61,67,71,260,0" /><INIT seed="6,2,0,4,0,93" ten="195,407,138,260" oya="2" hai0="25,86,113,32,30,57,124,92,128,98,0,11,69" hai1="31,132,135,118,5,71,90,46,84,80,55,111,26" hai2="59,125,81,3,6,8,87,105,66,39,129,134,27" hai3="117,29,37,49,119,78,107,99,74,122,123,112,40"/><V45/><F27/><W109/><G74/><T9/><D69/><U50/><E118/><V19/><F105/><W120/><G78/><T82/><D57/><U21/><E71/><V58/><F134/><W14/><G37/><T115/><D86/><U56/><E111/><V114/><F114/><N who="0" m="43530" /><D82/><U75/><E75/><V68/><F125/><W108/><G112/><T126/><D0/><U97/><E5/><V116/><F116/><W43/><G123/><T13/><D128/><U22/><E22/><V96/><F129/><W104/><G49/><T48/><D48/><U67/><E67/><V72/><F19/><W24/><G14/><T77/><D77/><U28/><E28/><V53/><F72/><W73/><G24/><T61/><D61/><U85/><E85/><V83/><F39/><W7/><G73/><T36/><D36/><U103/><E56/><N who="2" m="21547" /><F68/><W35/><G7/><N who="0" m="3263" /><D11/><U4/><REACH who="1" step="1"/><E4/><REACH who="1" ten="195,397,138,260" step="2"/><V76/><F83/><W47/><G35/><T130/><D130/><U110/><E110/><V100/><F66/><W102/><G29/><T64/><D64/><U42/><E42/><V16/><F3/><W121/><G121/><T54/><D54/><U127/><E127/><V2/><F16/><W44/><REACH who="3" step="1"/><G102/><AGARI ba="2,1" hai="25,30,32,92,98,102,124,126" m="3263,43530" machi="102" ten="30,2000,0" yaku="15,1,52,1" doraHai="93" who="0" fromWho="3" sc="195,36,397,0,138,0,260,-26" /><INIT seed="7,0,0,0,4,32" ten="231,397,138,234" oya="3" hai0="52,45,47,61,120,62,96,4,93,97,37,108,50" hai1="5,76,30,31,15,101,83,124,16,17,117,132,49" hai2="33,98,44,84,11,41,78,123,91,119,112,69,55" hai3="10,116,75,27,13,66,8,88,3,25,1,79,34"/><W39/><G39/><T14/><D120/><U21/><E124/><V99/><F33/><W100/><G116/><T110/><D37/><U72/><E117/><V127/><F69/><W74/><G34/><T59/><D14/><U80/><E132/><V68/><F11/><N who="3" m="4139" /><G13/><T43/><D4/><U35/><E101/><V56/><F68/><W6/><G66/><T63/><D93/><U64/><E64/><V46/><F112/><W87/><G6/><T102/><D97/><U73/><E5/><V7/><F119/><W90/><G100/><T129/><D96/><N who="2" m="36906" /><F123/><W12/><G12/><T24/><D102/><U54/><E35/><V121/><F121/><W70/><G70/><T71/><D24/><N who="3" m="9289" /><G79/><T126/><D126/><U82/><E83/><N who="2" m="49567" /><F78/><W125/><G87/><T111/><D129/><U51/><E51/><N who="2" m="27023" /><F7/><W57/><G57/><T95/><D95/><U19/><E19/><V29/><F29/><W94/><G94/><T36/><REACH who="0" step="1"/><D47/><REACH who="0" ten="221,397,138,234" step="2"/><U92/><E92/><V107/><F127/><W86/><G125/><T131/><D131/><U115/><E115/><V48/><F107/><W114/><G114/><T103/><D103/><U40/><E40/><V67/><F67/><AGARI ba="0,1" hai="36,43,45,50,52,59,61,62,63,67,71,108,110,111" machi="67" ten="40,16000,3" yaku="1,1,24,2,34,3,54,1,53,3" doraHai="32" doraHaiUra="58" who="0" fromWho="2" sc="221,170,397,0,138,-160,234,0" owari="391,19,397,50,-22,-52,234,-17" /></mjloggm>