<mjloggm ver="2.3"><GO type="73" lobby="4291"/><UN n0="%E3%81%B0%E3%81%A3%E3%81%8F%E3%81%99" n1="%E3%81%B1%E3%81%B5%E3%81%83" n2="%E7%95%99%E8%90%8C" n3="%6E%61%6B%6B%61%61" dan="5,1,12,0" rate="1424.56,1358.48,1734.97,1500.00" sx="M,M,M,M"/><TAIKYOKU oya="0"/><INIT seed="0,0,0,1,3,43" ten="250,250,250,250" oya="0" hai0="99,89,38,36,87,60,54,83,40,31,122,21,85" hai1="37,69,8,111,18,73,102,14,91,5,84,49,123" hai2="44,15,125,120,53,12,92,135,82,81,23,67,28" hai3="126,50,64,9,41,1,66,94,105,59,11,71,47"/><T2/><D2/><U86/><E123/><V101/><F120/><W76/><G1/><T27/><D122/><U34/><E111/><V19/><F67/><W29/><G71/><T57/><D40/><U13/><E69/><V39/><F101/><W117/><G117/><T63/><D99/><U88/><E37/><V32/><F92/><W118/><G118/><T10/><D10/><N who="3" m="3593" /><G105/><T93/><REACH who="0" step="1"/><D63/><REACH who="0" ten="240,250,250,250" step="2"/><U33/><E73/><V133/><F39/><W24/><G126/><T116/><D116/><U107/><E107/><V124/><F32/><W68/><G68/><T132/><D132/><N who="2" m="50762" /><F28/><W78/><G94/><T3/><D3/><U97/><E97/><V16/><F82/><W45/><G59/><T58/><D58/><U75/><E75/><V108/><F81/><W46/><G41/><T127/><D127/><N who="2" m="48714" /><F108/><W98/><G98/><T104/><D104/><U4/><E102/><V42/><F42/><W131/><G131/><T130/><D130/><U17/><E49/><N who="2" m="28839" /><F23/><N who="3" m="15519" /><G50/><T129/><D129/><U26/><E8/><V20/><F20/><W109/><G78/><AGARI ba="0,1" hai="21,27,31,36,38,54,57,60,78,83,85,87,89,93" machi="78" ten="30,2900,0" yaku="1,1,7,1,53,0" doraHai="43" doraHaiUra="103" who="0" fromWho="3" sc="240,39,250,0,250,0,250,-29" /><INIT seed="0,1,0,3,2,45" ten="279,250,250,221" oya="0" hai0="89,118,10,99,17,53,113,58,131,119,29,3,132" hai1="42,36,26,46,130,75,64,49,6,78,74,62,77" hai2="76,90,129,92,65,51,133,11,135,54,5,40,61" hai3="84,0,123,37,121,114,30,12,4,67,57,107,117"/><T31/><D113/><U96/><E130/><V9/><F76/><W79/><G117/><T18/><D119/><U97/><E75/><V60/><F129/><W7/><G114/><T50/><D118/><U73/><E73/><V44/><F65/><W86/><G107/><T112/><D112/><U85/><E74/><V16/><F40/><W8/><G37/><T101/><D131/><U87/><E78/><V93/><F61/><N who="3" m="38319" /><G79/><T100/><D132/><N who="2" m="50762" /><F60/><W15/><G0/><T63/><D3/><U120/><E120/><N who="3" m="46154" /><G30/><N who="0" m="11275" /><D10/><AGARI ba="1,0" hai="4,7,8,10,12,15,84,86" m="46154,38319" machi="10" ten="30,1000,0" yaku="13,1" doraHai="45" who="3" fromWho="0" sc="279,-13,250,0,250,0,221,13" /><INIT seed="1,0,0,5,2,69" ten="266,250,250,234" oya="1" hai0="44,128,104,7,116,47,53,94,105,117,68,102,9" hai1="59,86,48,57,90,81,49,132,33,67,36,40,18" hai2="134,115,43,16,87,113,1,5,80,122,0,78,61" hai3="60,30,13,83,58,34,27,121,135,25,96,24,103"/><U120/><E120/><V114/><F122/><W110/><G121/><T72/><D117/><U99/><E33/><V42/><F61/><W101/><G83/><T37/><D53/><U73/><E132/><V50/><F134/><W46/><G110/><T52/><D52/><U91/><E73/><V22/><F5/><W32/><G135/><T17/><D17/><U45/><E36/><V28/><F28/><W54/><G13/><T93/><D116/><U2/><E2/><N who="2" m="1131" /><F50/><W62/><G96/><T41/><D68/><U39/><E67/><V23/><F23/><W3/><G3/><T108/><D9/><U56/><E18/><V79/><F79/><W98/><G46/><T10/><D108/><U130/><E130/><V126/><F126/><W125/><G30/><T11/><D47/><U88/><REACH who="1" step="1"/><E99/><REACH who="1" ten="266,240,250,234" step="2"/><V21/><F21/><W123/><G98/><T51/><D51/><AGARI ba="0,1" hai="39,40,45,48,49,51,56,57,59,81,86,88,90,91" machi="51" ten="40,12000,1" yaku="1,1,2,1,52,1,54,1,53,0" doraHai="69" doraHaiUra="89" who="1" fromWho="0" sc="266,-120,240,130,250,0,234,0" /><INIT seed="1,1,0,4,5,24" ten="146,370,250,234" oya="1" hai0="17,104,101,103,114,51,5,95,13,75,46,66,62" hai1="99,2,118,81,113,63,133,112,68,65,119,110,125" hai2="107,100,19,60,80,14,116,20,120,122,96,82,7" hai3="64,84,78,56,58,86,85,102,88,12,130,77,28"/><U98/><E98/><V72/><F60/><W26/><G130/><T9/><D75/><U52/><E2/><V94/><F7/><W37/><G37/><T15/><D114/><U10/><E99/><V126/><F116/><N who="1" m="44585" /><E81/><V73/><F126/><W55/><G12/><T134/><D134/><U61/><E10/><V1/><F1/><W89/><G102/><T6/><D95/><U0/><E0/><V124/><F124/><W22/><G58/><T50/><D104/><U31/><E31/><V135/><F135/><W33/><G33/><T36/><D36/><U44/><E125/><V74/><REACH who="2" step="1"/><F94/><REACH who="2" ten="146,370,240,234" step="2"/><W117/><G64/><T67/><D62/><U90/><E133/><V18/><F18/><W21/><G117/><T27/><D27/><U3/><E3/><V39/><F39/><W41/><G41/><N who="0" m="24911" /><D51/><N who="1" m="28775" /><E90/><N who="3" m="34922" /><G21/><N who="0" m="11439" /><D5/><U87/><E87/><V92/><F92/><W71/><G71/><T54/><D54/><U123/><E110/><V128/><F128/><W109/><G109/><T59/><D59/><U16/><E16/><V35/><F35/><W29/><G29/><T127/><D127/><U53/><E123/><AGARI ba="1,1" hai="14,19,20,72,73,74,80,82,96,100,107,120,122,123" machi="123" ten="50,1600,0" yaku="1,1,53,0" doraHai="24" doraHaiUra="115" who="2" fromWho="1" sc="146,0,370,-19,240,29,234,0" /><INIT seed="2,0,0,2,0,84" ten="146,351,269,234" oya="2" hai0="123,108,107,97,116,44,70,5,13,90,4,73,69" hai1="64,51,105,6,8,57,115,50,102,14,43,36,33" hai2="109,94,29,24,17,23,100,26,133,101,20,106,18" hai3="117,53,74,30,126,31,111,120,87,62,49,98,91"/><V22/><F106/><W12/><G117/><T45/><D13/><U77/><E115/><V52/><F133/><W48/><G120/><T55/><D55/><U135/><E135/><V103/><F52/><W42/><G126/><T11/><D90/><U2/><E77/><V60/><F60/><W63/><G111/><T37/><D4/><U121/><E121/><V113/><F113/><W131/><G131/><T0/><D123/><U104/><E33/><V89/><F109/><W86/><G12/><T125/><D125/><U129/><E129/><V72/><F72/><W80/><G74/><T99/><D99/><U71/><E71/><N who="0" m="27145" /><D116/><U110/><E110/><V35/><F35/><W83/><G42/><N who="0" m="22607" /><D108/><U3/><E105/><V65/><F65/><W27/><G98/><T96/><D45/><U128/><E128/><V78/><F78/><W122/><G53/><T19/><D19/><N who="2" m="7178" /><F29/><W68/><G122/><T21/><D21/><N who="2" m="5378" /><V85/><AGARI ba="0,0" hai="24,26,85,89,94,100,101,103" m="5378,7178" machi="85" ten="40,7800,0" yaku="4,1,8,1,52,1" doraHai="84" who="2" fromWho="2" sc="146,-26,351,-26,269,78,234,-26" /><INIT seed="2,1,0,3,4,10" ten="120,325,347,208" oya="2" hai0="127,91,109,99,35,63,75,72,38,117,78,110,111" hai1="125,95,88,29,62,46,115,96,52,61,5,27,8" hai2="36,18,13,12,22,114,71,100,21,82,58,64,20" hai3="133,60,43,131,98,80,0,14,130,93,24,84,106"/><V44/><F71/><W108/><G0/><T47/><D35/><U41/><E115/><V49/><F114/><W70/><G106/><T120/><D63/><U28/><E125/><V45/><F36/><W48/><G24/><T123/><D38/><U85/><E28/><V15/><F100/><W105/><G105/><T83/><D47/><N who="2" m="17994" /><F82/><W101/><G43/><T57/><D57/><U97/><E61/><N who="2" m="37943" /><F49/><W129/><G14/><AGARI ba="1,0" hai="12,13,14,15,18,20,21,22" m="37943,17994" machi="14" ten="30,12000,1" yaku="8,1,52,4" doraHai="10" who="2" fromWho="3" sc="120,0,325,0,347,123,208,-123" /><INIT seed="2,2,0,0,4,26" ten="120,325,470,85" oya="2" hai0="1,90,33,11,38,93,9,127,111,3,18,96,61" hai1="76,132,122,72,35,36,4,15,12,128,53,123,24" hai2="16,112,46,6,126,62,13,100,104,22,23,64,113" hai3="17,14,37,131,27,56,85,80,60,102,106,55,98"/><V0/><F0/><W32/><G37/><T8/><D38/><U77/><E132/><V83/><F83/><W91/><G131/><T5/><D61/><U40/><E128/><V49/><F113/><W118/><G118/><T52/><D52/><U130/><E130/><V99/><F112/><W92/><G106/><T34/><D111/><U105/><E105/><V135/><F135/><W86/><G32/><T25/><D127/><U66/><E66/><V63/><F126/><W19/><G27/><T70/><D70/><U71/><E71/><V69/><F69/><W67/><G86/><T97/><D97/><U75/><E36/><V29/><F29/><W87/><G67/><T84/><D96/><U107/><E107/><V114/><F114/><W81/><REACH who="3" step="1"/><G14/><REACH who="3" ten="120,325,470,75" step="2"/><T129/><D129/><U74/><E35/><V115/><F115/><W79/><AGARI ba="2,1" hai="17,19,55,56,60,79,80,81,85,87,91,92,98,102" machi="79" ten="20,8000,1" yaku="1,1,2,1,0,1,7,1,8,1,53,0" doraHai="26" doraHaiUra="2" who="3" fromWho="3" sc="120,-22,325,-22,470,-42,75,96" /><INIT seed="3,0,0,4,4,71" ten="98,303,428,171" oya="3" hai0="44,68,42,34,81,65,115,114,3,9,27,28,58" hai1="84,31,111,51,61,29,120,75,95,46,39,94,96" hai2="10,80,126,56,5,26,18,83,60,52,66,55,62" hai3="19,54,93,118,87,125,128,43,76,57,53,67,78"/><W110/><G118/><T102/><D3/><U134/><E134/><V47/><F126/><W24/><G125/><T63/><D68/><U36/><E120/><V35/><F35/><W108/><G43/><T64/><D102/><U40/><E111/><N who="3" m="42538" /><G128/><T109/><D81/><N who="2" m="31306" /><F5/><W132/><G132/><T79/><D109/><U113/><E113/><N who="0" m="43017" /><D79/><N who="3" m="30249" /><G93/><T20/><D9/><U70/><E75/><V86/><F86/><W112/><G112/><T117/><D117/><U122/><E122/><V99/><F99/><W45/><G87/><T116/><D116/><U13/><E31/><V85/><F85/><W21/><G67/><N who="0" m="25675" /><D34/><U7/><E29/><V6/><F6/><W104/><G57/><T90/><D90/><U0/><E0/><V33/><F33/><W30/><G30/><T2/><D2/><U38/><E61/><N who="2" m="38183" /><F47/><W77/><N who="3" m="30257" /><W22/><DORA hai="88" /><G104/><T50/><D58/><U37/><E70/><V103/><F103/><W23/><G45/><T98/><D98/><U121/><E121/><V91/><F91/><W124/><G124/><T41/><D41/><U25/><E25/><V17/><F26/><W11/><G11/><T74/><D74/><U82/><E96/><V101/><F10/><W135/><G135/><T89/><D89/><N who="1" m="51351" /><E51/><V8/><F8/><W1/><G1/><T59/><D63/><N who="2" m="24106" /><F101/><W15/><G15/><T123/><D123/><U16/><E7/><V48/><F55/><AGARI ba="0,0" hai="19,21,22,23,24,53,54,55" m="30257,42538" machi="55" ten="40,3900,0" yaku="14,1,10,1" doraHai="71,88" who="3" fromWho="2" sc="98,0,303,0,428,-39,171,39" /><INIT seed="3,1,0,5,4,85" ten="98,303,389,210" oya="3" hai0="86,74,28,125,111,76,15,49,124,96,131,44,121" hai1="122,87,65,41,68,48,107,71,39,119,129,84,91" hai2="5,72,128,32,11,61,9,67,120,2,8,83,43" hai3="126,135,34,117,103,116,23,19,81,57,73,105,53"/><W0/><G0/><T102/><D28/><U110/><E122/><V46/><F32/><W106/><G34/><T132/><D15/><U114/><E119/><V12/><F120/><W109/><G117/><T123/><D49/><U118/><E118/><V79/><F67/><W38/><G116/><T80/><D44/><U33/><E114/><V29/><F29/><W93/><G38/><T18/><D18/><U101/><E129/><V42/><F61/><W75/><G135/><T25/><D25/><U127/><E127/><N who="0" m="48713" /><D111/><U55/><E110/><V45/><F128/><W89/><G109/><T7/><D7/><U115/><E115/><V3/><F12/><W62/><G126/><T51/><D86/><U13/><E33/><V113/><F113/><W22/><G106/><N who="0" m="63815" /><D51/><U95/><E65/><V35/><F35/><W100/><G105/><T14/><D14/><U37/><E37/><N who="2" m="21711" /><F5/><W20/><G19/><T36/><D36/><U64/><E64/><V40/><F40/><W78/><REACH who="3" step="1"/><G75/><REACH who="3" ten="98,303,389,200" step="2"/><T82/><D82/><U92/><E107/><V60/><F2/><W30/><G30/><T56/><D132/><U27/><E27/><V59/><F3/><W47/><G47/><T112/><D112/><U70/><E13/><V24/><F46/><W133/><G133/><T4/><D4/><U69/><E101/><V31/><F72/><W17/><G17/><T108/><D108/><U52/><N who="1" m="17920" /><DORA hai="1" /><U88/><E39/><V6/><F83/><W63/><G63/><T90/><D56/><U58/><E55/><V77/><F59/><W66/><G66/><T16/><D123/><RYUUKYOKU ba="1,1" sc="98,-15,303,15,389,-15,200,15" hai1="41,48,52,58,84,87,88,91,92,95" hai3="20,22,23,53,57,62,73,78,81,89,93,100,103" /><INIT seed="3,2,1,2,2,74" ten="83,318,374,215" oya="3" hai0="63,115,13,84,79,116,111,27,21,108,105,93,46" hai1="125,82,50,32,4,85,69,55,81,113,96,135,123" hai2="7,51,127,71,33,18,87,11,59,28,58,126,1" hai3="66,128,98,70,56,120,95,129,117,17,76,114,88"/><W64/><G120/><T86/><D63/><U99/><E123/><V54/><F71/><W104/><G114/><T44/><D13/><U133/><E113/><V100/><F100/><W31/><G117/><T36/><D105/><U19/><E32/><V75/><F75/><W10/><G76/><T60/><D60/><U101/><E69/><V122/><F59/><W97/><G31/><T8/><D8/><U102/><E125/><N who="2" m="47627" /><F122/><W45/><G70/><T26/><D36/><U2/><E2/><V42/><F87/><N who="3" m="52639" /><G56/><T43/><D43/><U103/><E4/><V5/><F5/><W107/><G45/><T92/><D116/><U41/><E41/><V89/><F89/><W15/><G104/><T34/><D34/><U65/><E65/><N who="3" m="25194" /><G107/><T20/><REACH who="0" step="1"/><D79/><REACH who="0" ten="73,318,374,215" step="2"/><U132/><E19/><V119/><F18/><N who="3" m="8567" /><G129/><T6/><D6/><U83/><REACH who="1" step="1"/><E85/><REACH who="1" ten="73,308,374,215" step="2"/><V78/><F42/><W57/><G128/><T68/><D68/><U35/><E35/><V134/><F119/><W12/><G57/><AGARI ba="2,3" hai="50,55,57,81,82,83,96,99,101,102,103,132,133,135" machi="57" ten="50,8000,1" yaku="1,1,29,2,20,1,53,0" doraHai="74" doraHaiUra="29" who="1" fromWho="3" sc="73,0,308,116,374,0,215,-86" /><INIT seed="4,0,0,5,4,83" ten="73,424,374,129" oya="0" hai0="23,22,79,70,124,43,18,94,5,86,123,16,33" hai1="35,76,55,37,116,92,120,110,53,117,42,46,38" hai2="61,71,82,113,108,10,7,47,28,105,106,80,100" hai3="88,3,121,119,62,31,6,112,90,58,12,84,4"/><T40/><D70/><U68/><E120/><V21/><F108/><W97/><G119/><T93/><D123/><U135/><E110/><V15/><F47/><W125/><G121/><T49/><D124/><U102/><E135/><V130/><F113/><W134/><G3/><T78/><D5/><N who="3" m="2153" /><G112/><T129/><D129/><U95/><E35/><V69/><F130/><W13/><G125/><T77/><D33/><U14/><E76/><V98/><F105/><W2/><G134/><T99/><D99/><U109/><E109/><V127/><F127/><W36/><G36/><T133/><D133/><U41/><E14/><N who="3" m="5738" /><G2/><T57/><D57/><U64/><E102/><V45/><F45/><W122/><G122/><T39/><D39/><U24/><E24/><V65/><REACH who="2" step="1"/><F71/><REACH who="2" ten="73,424,364,129" step="2"/><W60/><G31/><T48/><REACH who="0" step="1"/><D79/><REACH who="0" ten="63,424,364,129" step="2"/><U128/><E128/><V26/><AGARI ba="0,2" hai="7,10,15,21,26,28,61,65,69,80,82,98,100,106" machi="26" ten="30,7900,0" yaku="1,1,2,1,0,1,53,1" doraHai="83" doraHaiUra="0" who="2" fromWho="2" sc="63,-39,424,-20,364,99,129,-20" /><INIT seed="5,0,0,1,3,2" ten="24,404,463,109" oya="1" hai0="110,92,101,96,121,55,117,77,17,20,58,60,64" hai1="99,13,100,69,42,129,63,29,132,114,73,89,22" hai2="74,15,9,25,130,6,131,10,82,57,105,3,19" hai3="94,103,83,56,11,116,50,35,115,68,95,54,47"/><U67/><E114/><V122/><F122/><W26/><G35/><T53/><D77/><U127/><E127/><V8/><F105/><W128/><G115/><T14/><D117/><U87/><E132/><V51/><F74/><W109/><G109/><T102/><D110/><U88/><E129/><N who="2" m="49163" /><F82/><W21/><G116/><T49/><D121/><U41/><E73/><V18/><F57/><W86/><G56/><T84/><D84/><U43/><E87/><V1/><F51/><N who="3" m="29055" /><G68/><T113/><D113/><U106/><REACH who="1" step="1"/><E13/><REACH who="1" ten="24,394,463,109" step="2"/><N who="2" m="5271" /><F25/><AGARI ba="0,1" hai="22,25,29,41,42,43,63,67,69,88,89,99,100,106" machi="25" ten="40,12000,1" yaku="1,1,54,1,53,3" doraHai="2" doraHaiUra="36" who="1" fromWho="2" sc="24,0,394,130,463,-120,109,0" /><INIT seed="5,1,0,2,5,98" ten="24,524,343,109" oya="1" hai0="33,103,105,128,49,69,100,54,23,68,97,6,26" hai1="83,135,48,32,39,37,110,75,0,41,47,112,130" hai2="17,92,115,16,89,35,27,126,45,62,134,28,61" hai3="124,2,1,76,34,129,94,78,119,120,58,7,50"/><U127/><RYUUKYOKU type="yao9" ba="1,0" sc="24,0,524,0,343,0,109,0" hai1="0,32,37,39,41,47,48,75,83,110,112,127,130,135" /><INIT seed="5,2,0,0,2,12" ten="24,524,343,109" oya="1" hai0="29,19,15,65,0,101,45,63,85,54,34,103,36" hai1="109,130,52,7,23,68,79,22,118,78,14,28,81" hai2="128,134,112,69,93,133,71,123,76,44,53,111,117" hai3="10,77,31,40,59,56,42,18,47,99,104,30,37"/><U1/><E118/><V122/><F76/><W89/><G104/><T33/><D85/><U92/><E130/><V4/><F4/><W70/><G70/><N who="2" m="26633" /><F93/><N who="3" m="56751" /><G77/><T127/><D127/><U86/><E68/><V132/><F44/><W94/><G37/><T82/><D82/><U25/><E109/><V17/><F53/><W98/><G47/><T11/><D0/><U96/><E1/><V46/><F46/><W9/><G18/><T21/><D36/><U67/><E67/><V43/><F43/><N who="3" m="16427" /><G59/><N who="0" m="37119" /><D45/><U121/><E121/><N who="2" m="46091" /><F17/><W38/><G56/><T115/><D34/><U91/><E23/><V84/><F84/><W80/><G38/><T73/><D73/><U20/><E20/><V58/><F128/><W35/><G35/><T49/><D115/><U97/><E97/><V125/><F58/><W16/><G80/><T120/><D120/><U60/><E7/><V119/><F125/><W13/><G9/><T129/><D129/><U61/><E14/><V39/><F39/><W6/><G6/><N who="0" m="3575" /><D33/><U50/><E78/><V32/><F32/><W114/><G114/><T102/><D29/><U135/><E135/><V5/><F5/><W106/><G106/><T110/><D110/><U88/><E91/><AGARI ba="2,0" hai="10,13,16,30,31,91,94,98" m="16427,56751" machi="91" ten="30,3900,0" yaku="8,1,52,1,54,1" doraHai="12" who="3" fromWho="1" sc="24,0,524,-45,343,0,109,45" /><INIT seed="6,0,0,3,5,120" ten="24,479,343,154" oya="2" hai0="91,130,100,57,6,26,27,83,81,107,89,102,47" hai1="119,60,87,46,69,115,133,96,10,85,132,74,54" hai2="90,111,134,25,104,11,18,36,70,14,125,79,34" hai3="75,49,62,88,4,56,1,101,28,80,82,122,110"/><V8/><F70/><W61/><G101/><T86/><D107/><U55/><E119/><V112/><F36/><W19/><G110/><T33/><D33/><U65/><E115/><V53/><F104/><W126/><G122/><T52/><D6/><U43/><E74/><V38/><F38/><W41/><G75/><T93/><D130/><U76/><E87/><V58/><F112/><W22/><G28/><T97/><D47/><U124/><E124/><V92/><F79/><W66/><G61/><T114/><D114/><U16/><E96/><V118/><F118/><W108/><G108/><T113/><D113/><U63/><E63/><V30/><F125/><W31/><G126/><T98/><D86/><U21/><E10/><V131/><F111/><W67/><G1/><T94/><REACH who="0" step="1"/><D57/><REACH who="0" ten="14,479,343,154" step="2"/><U129/><E129/><V12/><F131/><W116/><G116/><T64/><D64/><U37/><E85/><V0/><F0/><W128/><G128/><T15/><D15/><U135/><REACH who="1" step="1"/><E76/><REACH who="1" ten="14,469,343,154" step="2"/><V72/><F72/><W84/><G67/><T23/><D23/><U7/><E7/><V5/><F5/><W32/><G4/><T2/><D2/><U73/><E73/><V121/><F121/><W44/><G32/><T103/><D103/><U68/><E68/><V35/><F34/><W71/><G71/><T39/><D39/><U78/><E78/><V45/><F8/><W20/><G80/><T109/><D109/><U127/><E127/><V99/><F11/><W95/><G82/><T3/><D3/><U9/><E9/><V77/><F77/><W123/><G123/><RYUUKYOKU ba="0,2" sc="14,15,469,15,343,-15,154,-15" hai0="26,27,52,81,83,89,91,93,94,97,98,100,102" hai1="16,21,37,43,46,54,55,60,65,69,132,133,135" /><INIT seed="7,1,2,0,3,35" ten="29,484,328,139" oya="3" hai0="20,87,134,104,63,101,128,29,64,89,10,7,15" hai1="16,38,41,105,96,0,65,67,135,113,18,26,129" hai2="90,62,8,112,14,115,99,13,36,103,25,110,49" hai3="31,42,125,133,118,126,61,108,102,111,33,122,88"/><W52/><G42/><T53/><D104/><U95/><E113/><N who="2" m="43595" /><F36/><W51/><G118/><T94/><D101/><U1/><E135/><V117/><F117/><W32/><G122/><T82/><D29/><U114/><E114/><V4/><F110/><N who="3" m="42027" /><G31/><T70/><D70/><U83/><E129/><V81/><F13/><W109/><N who="3" m="42035" /><W44/><DORA hai="50" /><G133/><T17/><D53/><U30/><E105/><V130/><F130/><W84/><G102/><T48/><D48/><U132/><E132/><V2/><F81/><N who="3" m="49167" /><G61/><T76/><D134/><U23/><E83/><V54/><F62/><W37/><G37/><T74/><D128/><U6/><E67/><V73/><F73/><W58/><G44/><T21/><REACH who="0" step="1"/><D17/><REACH who="0" ten="19,484,328,139" step="2"/><U107/><E107/><V45/><F103/><W9/><G9/><T47/><D47/><U24/><E18/><V77/><F45/><W55/><G55/><T80/><D80/><U27/><E6/><V71/><F54/><W93/><G93/><T98/><D98/><U92/><E65/><V97/><F99/><W100/><G100/><T124/><D124/><AGARI ba="1,3" hai="32,33,51,52,58,124,125,126" m="49167,42035" machi="124" ten="40,12000,1" yaku="18,1,10,1,52,1,54,2" doraHai="35,50" who="3" fromWho="0" sc="19,-123,484,0,328,0,139,153" owari="-104,-60,484,58,328,13,292,-11" /></mjloggm>