<mjloggm ver="2.3"><GO type="137" lobby="0"/><UN n0="%74%65%6E%68%6F%75%6A%6A" n1="%E7%95%99%E8%90%8C" n2="%48%69%72%61%72%69%6E" n3="%E3%83%8A%E3%83%8A%E3%82%B7%32%35%32%35%EF%BD%84" dan="9,12,11,10" rate="1535.91,1773.24,1625.86,1650.37" sx="M,M,M,M"/><TAIKYOKU oya="0"/><INIT seed="0,0,0,1,1,54" ten="250,250,250,250" oya="0" hai0="82,98,55,79,135,64,92,83,19,85,40,18,58" hai1="7,126,129,53,122,123,37,75,108,61,33,107,12" hai2="5,41,115,25,93,105,39,24,132,47,109,36,70" hai3="91,121,45,3,52,51,48,8,59,114,35,102,90"/><T99/><D135/><U21/><E37/><V94/><F109/><W15/><G35/><T28/><D64/><U81/><E107/><V16/><F132/><W133/><G133/><T106/><D106/><U9/><E33/><V80/><F70/><W68/><G68/><T112/><D112/><U42/><E42/><V84/><F5/><W97/><G114/><T29/><D40/><U131/><E108/><V120/><F120/><N who="1" m="46121" /><E75/><V127/><F127/><W10/><G3/><T69/><D69/><U50/><E81/><V34/><F115/><W57/><G121/><T124/><D124/><U110/><E126/><V104/><F39/><W113/><G113/><T119/><D119/><U86/><E110/><V32/><F32/><W17/><G59/><T43/><D43/><U128/><E86/><V101/><F25/><W14/><G48/><T116/><D116/><U22/><E61/><V30/><F105/><W20/><G45/><AGARI ba="0,0" hai="7,9,12,21,22,45,50,53,128,129,131" m="46121" machi="45" ten="40,1300,0" yaku="19,1" doraHai="54" who="1" fromWho="3" sc="250,0,250,13,250,0,250,-13" /><INIT seed="1,0,0,1,4,54" ten="250,263,250,237" oya="1" hai0="120,115,95,118,17,11,48,20,41,31,87,1,14" hai1="30,133,110,55,6,126,19,61,128,101,26,50,59" hai2="82,97,113,76,49,37,99,21,130,32,73,29,117" hai3="106,39,84,62,57,47,121,70,78,0,44,66,27"/><U132/><E101/><V91/><F130/><W72/><G106/><T52/><D115/><U127/><E6/><V129/><F129/><W24/><G121/><T5/><D118/><U123/><E123/><V51/><F113/><W83/><G0/><T25/><D120/><U36/><E36/><V10/><F37/><W56/><G72/><T75/><D75/><U35/><E128/><V63/><F32/><W122/><G122/><T131/><D131/><U100/><E100/><V77/><F77/><W28/><G27/><T108/><D41/><U88/><E110/><V46/><F63/><W2/><G2/><T98/><D87/><U116/><E116/><V96/><F10/><W93/><G93/><T22/><D108/><U79/><E79/><V12/><F117/><W34/><REACH who="3" step="1"/><G47/><REACH who="3" ten="250,263,250,227" step="2"/><T69/><D69/><U105/><E105/><V3/><F3/><W109/><G109/><T58/><REACH who="0" step="1"/><D98/><REACH who="0" ten="240,263,250,227" step="2"/><U134/><E88/><V80/><F91/><W64/><G64/><T102/><D102/><U18/><REACH who="1" step="1"/><E50/><REACH who="1" ten="240,253,250,227" step="2"/><V60/><F51/><W15/><G15/><T68/><D68/><U43/><E43/><AGARI ba="0,3" hai="24,28,34,39,43,44,56,57,62,66,70,78,83,84" machi="43" ten="40,5200,0" yaku="1,1,52,2,53,0" doraHai="54" doraHaiUra="7" who="3" fromWho="1" sc="240,0,253,-52,250,0,227,82" /><INIT seed="2,0,0,2,0,25" ten="240,201,250,309" oya="2" hai0="88,115,19,37,2,120,89,113,83,12,7,6,71" hai1="118,121,50,42,15,74,110,40,29,107,4,61,98" hai2="111,3,94,11,103,126,119,8,133,104,54,43,123" hai3="69,63,90,27,131,23,92,72,30,46,66,53,97"/><V125/><F123/><W87/><G131/><T65/><D37/><U24/><E118/><V75/><F119/><W49/><REACH who="3" step="1"/><G72/><REACH who="3" ten="240,201,250,299" step="2"/><T67/><D120/><U73/><E74/><V57/><F75/><W68/><G68/><T109/><D115/><U102/><E73/><V134/><F104/><W64/><G64/><T135/><D135/><N who="2" m="51722" /><F111/><W81/><G81/><T41/><D113/><U84/><E121/><V45/><F3/><W13/><G13/><T101/><D109/><U39/><E110/><V105/><F105/><W132/><G132/><T55/><D71/><U96/><E96/><AGARI ba="0,1" hai="23,27,30,46,49,53,63,66,69,87,90,92,96,97" machi="96" ten="40,5200,0" yaku="1,1,52,1,53,1" doraHai="25" doraHaiUra="60" who="3" fromWho="1" sc="240,0,201,-52,250,0,299,62" /><INIT seed="3,0,0,3,4,7" ten="240,149,250,361" oya="3" hai0="113,64,134,51,47,82,129,28,11,61,1,79,3" hai1="89,27,62,43,80,19,59,71,117,5,130,67,37" hai2="112,90,116,31,74,110,56,133,102,94,77,126,26" hai3="21,127,14,97,118,109,68,22,29,69,23,100,40"/><W60/><G118/><T99/><D113/><U87/><E117/><V49/><F112/><W15/><G127/><T0/><D129/><U78/><E5/><V106/><F133/><W30/><G40/><T41/><D134/><U93/><E130/><V52/><F126/><W38/><G38/><T45/><D28/><U128/><E128/><V119/><F110/><W63/><G23/><T88/><D11/><U65/><E71/><V96/><F77/><W76/><G76/><T17/><D79/><U125/><E125/><V44/><F74/><W34/><G97/><T122/><D122/><U42/><E37/><V48/><F102/><W92/><G92/><T70/><D17/><U103/><E67/><V54/><REACH who="2" step="1"/><F106/><REACH who="2" ten="240,149,240,361" step="2"/><W95/><G100/><T85/><REACH who="0" step="1"/><D99/><REACH who="0" ten="230,149,240,361" step="2"/><U55/><E103/><V115/><F115/><W12/><G109/><T105/><D105/><U16/><E65/><V32/><AGARI ba="0,2" hai="26,31,32,44,48,49,52,54,56,90,94,96,116,119" machi="32" ten="20,5200,0" yaku="1,1,0,1,7,1,54,1,53,0" doraHai="7" doraHaiUra="2" who="2" fromWho="2" sc="230,-13,149,-13,240,72,361,-26" /><INIT seed="4,0,0,1,2,111" ten="217,136,312,335" oya="0" hai0="97,13,54,130,39,20,60,121,56,69,133,134,123" hai1="124,96,113,72,76,14,40,106,95,50,44,46,77" hai2="127,122,2,67,114,116,100,8,75,11,35,103,92" hai3="90,120,19,3,105,65,98,85,42,62,115,74,24"/><T102/><D20/><U38/><E106/><V94/><F116/><W132/><G3/><T1/><D1/><U93/><E124/><V80/><F122/><N who="0" m="46602" /><D13/><U86/><E14/><V49/><F127/><W37/><G120/><T78/><D78/><U87/><E38/><V107/><F107/><W6/><G6/><T12/><D12/><U64/><E64/><V63/><F35/><W83/><G74/><T32/><D32/><U29/><E29/><V58/><F2/><W91/><G24/><T82/><D82/><U33/><E33/><V79/><F49/><W5/><G5/><T16/><D102/><U43/><E72/><V52/><F67/><W4/><G4/><T23/><D97/><U88/><E50/><V59/><F59/><W70/><G19/><T129/><D69/><U118/><E118/><V89/><F94/><W34/><G34/><T131/><D39/><U10/><E10/><V17/><F8/><W119/><G119/><T101/><D101/><U61/><E61/><V9/><F9/><W48/><G37/><T110/><D16/><U73/><E73/><V109/><F109/><W112/><G132/><N who="0" m="50795" /><D23/><U25/><E25/><V66/><F11/><W7/><G7/><T18/><D18/><U30/><E30/><V27/><F17/><W84/><G105/><T125/><D125/><U45/><E96/><N who="2" m="57359" /><F27/><W99/><G85/><T22/><D22/><U15/><E15/><V68/><F114/><N who="3" m="43563" /><G91/><T47/><D47/><AGARI ba="0,0" hai="42,47,48,62,65,70,83,84,90,98,99" m="43563" machi="47" ten="30,7700,0" yaku="15,1,52,3" doraHai="111" who="3" fromWho="0" sc="217,-77,136,0,312,0,335,77" /><INIT seed="5,0,0,0,3,120" ten="140,136,312,412" oya="1" hai0="17,133,37,79,55,102,0,130,70,107,78,108,48" hai1="10,29,64,94,87,75,46,42,68,50,32,61,54" hai2="47,16,97,59,69,111,128,28,124,25,38,95,131" hai3="7,52,14,2,84,12,49,8,30,24,15,76,92"/><U39/><E75/><V82/><F124/><W45/><G76/><T19/><D0/><U40/><E10/><V44/><F69/><W62/><G84/><T86/><D37/><U73/><E73/><V81/><F59/><W31/><G92/><T66/><D133/><U63/><E32/><V134/><F134/><W21/><G31/><T105/><D130/><N who="2" m="49706" /><F28/><W99/><G99/><T77/><D70/><U27/><E29/><V5/><F5/><W23/><G23/><T93/><D66/><U43/><E27/><V13/><F25/><W104/><REACH who="3" step="1"/><G104/><REACH who="3" ten="140,136,312,402" step="2"/><T88/><D48/><U116/><E94/><V67/><F67/><W98/><G98/><T3/><D3/><U127/><E87/><V9/><F38/><W90/><G90/><T4/><D4/><U100/><E100/><N who="2" m="60479" /><F111/><W80/><G80/><AGARI ba="0,1" hai="9,13,16,44,47,80,81,82" m="60479,49706" machi="80" ten="30,2000,0" yaku="19,1,54,1" doraHai="120" who="2" fromWho="3" sc="140,0,136,0,312,30,402,-20" /><INIT seed="6,0,0,5,1,39" ten="140,136,342,382" oya="2" hai0="56,45,103,115,71,94,105,65,116,48,30,123,130" hai1="59,73,61,23,111,38,34,133,135,68,36,11,54" hai2="2,51,33,126,119,0,69,40,7,14,9,110,47" hai3="67,80,107,75,108,100,132,89,62,5,32,84,95"/><V93/><F126/><W29/><G5/><T27/><D123/><U104/><E73/><V122/><F119/><W98/><G108/><T106/><D115/><U90/><E104/><V88/><F122/><W37/><G37/><T6/><D116/><U97/><E34/><V128/><F128/><W78/><G132/><N who="1" m="50762" /><E111/><V19/><F110/><W64/><G32/><T129/><D71/><U109/><E109/><V58/><F69/><W13/><G13/><T60/><D6/><U72/><E72/><V28/><F28/><W131/><G29/><T21/><D105/><U57/><E23/><V86/><F33/><W92/><G131/><T25/><D25/><U121/><E11/><V10/><F58/><W46/><G46/><T49/><D106/><U96/><E121/><V76/><F76/><W127/><G127/><T18/><D103/><U81/><E68/><V99/><F99/><N who="1" m="37961" /><E59/><V55/><F40/><W113/><G113/><T31/><D94/><U63/><E63/><V74/><F74/><W101/><G101/><T16/><D45/><U1/><E1/><AGARI ba="0,0" hai="0,1,2,7,9,10,14,19,47,51,55,86,88,93" machi="1" ten="30,2900,0" yaku="7,1,54,1" doraHai="39" who="2" fromWho="1" sc="140,0,136,-29,342,29,382,0" /><INIT seed="6,1,0,5,5,51" ten="140,107,371,382" oya="2" hai0="12,58,15,74,128,85,40,132,1,43,97,129,63" hai1="81,41,61,2,47,103,91,25,31,65,120,82,93" hai2="27,126,50,102,83,71,111,87,68,104,37,34,19" hai3="64,29,72,73,42,69,49,6,88,8,117,62,0"/><V105/><F126/><W106/><G106/><T52/><D132/><U48/><E2/><V60/><F111/><W17/><G117/><T86/><D74/><U38/><E120/><V55/><F37/><W33/><G17/><T110/><D110/><U57/><E103/><V116/><F116/><W127/><G127/><T118/><D1/><U11/><E11/><V101/><F105/><W100/><G100/><T113/><D118/><U135/><E135/><V26/><F104/><W45/><G29/><T125/><D125/><U54/><E31/><V59/><F34/><W124/><G33/><T28/><D113/><U96/><REACH who="1" step="1"/><E25/><REACH who="1" ten="140,97,371,382" step="2"/><N who="2" m="9227" /><F71/><AGARI ba="1,1" hai="38,41,47,48,54,57,61,65,71,81,82,91,93,96" machi="71" ten="30,8000,1" yaku="1,1,7,1,24,2,52,1,53,0" doraHai="51" doraHaiUra="3" who="1" fromWho="2" sc="140,0,97,93,371,-83,382,0" /><BYE who="2" /><INIT seed="7,0,0,1,2,53" ten="140,190,288,382" oya="3" hai0="31,66,3,111,43,68,10,73,30,35,50,59,57" hai1="56,131,84,38,7,5,97,100,92,13,37,93,103" hai2="132,106,88,71,129,1,133,63,8,14,77,107,61" hai3="120,72,41,113,52,21,75,42,105,26,123,39,33"/><W2/><G105/><T101/><D73/><U69/><E69/><V0/><F0/><W76/><G2/><T130/><D111/><U28/><E28/><V114/><F114/><W91/><G123/><T67/><D130/><U34/><E34/><V102/><F102/><W124/><G120/><T70/><D101/><U125/><E131/><V29/><F29/><N who="0" m="10762" /><D35/><U46/><E125/><V86/><F86/><W11/><G11/><T134/><D3/><U65/><E84/><V104/><F104/><W78/><G52/><N who="0" m="31895" /><D10/><U15/><E46/><V110/><F110/><W12/><G26/><T47/><D134/><U23/><E23/><V9/><F9/><W80/><G12/><T95/><D95/><U36/><E65/><N who="0" m="24585" /><D59/><U116/><E116/><V58/><F58/><W55/><G91/><T126/><D70/><U44/><E44/><V27/><F27/><W20/><G124/><T128/><D68/><U99/><REACH who="1" step="1"/><E56/><REACH who="1" ten="140,180,288,382" step="2"/><V6/><F6/><AGARI ba="0,1" hai="5,6,7,13,15,36,37,38,92,93,97,99,100,103" machi="6" ten="40,5200,0" yaku="1,1,2,1,9,1,53,0" doraHai="53" doraHaiUra="64" who="1" fromWho="2" sc="140,0,180,62,288,-52,382,0" owari="140,-36,242,4,236,-16,382,48" /></mjloggm>