<mjloggm ver="2.3"><GO type="137" lobby="0"/><UN n0="%62%69%74%74%65%72%74" n1="%E4%B8%96%E7%95%8C%E3%81%AE%E7%94%B0%E4%B8%AD" n2="%E3%81%88%E3%81%AC%E3%81%88%E3%82%80%E3%81%B3%E3%83%BC" n3="%E7%95%99%E8%90%8C" dan="12,13,13,12" rate="1861.58,1744.21,1773.13,1589.31" sx="M,M,F,M"/><TAIKYOKU oya="0"/><INIT seed="0,0,0,4,5,97" ten="250,250,250,250" oya="0" hai0="0,87,69,35,17,47,21,135,91,4,70,8,52" hai1="85,31,115,106,46,95,54,118,131,113,134,104,50" hai2="133,27,78,45,60,38,124,28,63,119,15,44,3" hai3="102,71,51,29,125,112,88,41,94,110,48,12,36"/><T107/><D107/><U53/><E118/><V90/><F3/><W6/><G112/><T37/><D135/><U129/><E134/><V89/><F133/><W101/><G71/><T64/><D64/><U32/><E32/><V39/><F15/><W9/><G29/><T62/><D62/><U57/><E31/><V72/><F28/><W49/><G125/><T68/><D35/><U40/><E85/><V26/><F78/><W100/><G110/><T11/><D68/><U126/><E126/><V73/><REACH who="2" step="1"/><F124/><REACH who="2" ten="250,250,240,250" step="2"/><W55/><G36/><T61/><D11/><U58/><E113/><V116/><AGARI ba="0,1" hai="26,27,38,39,44,45,60,63,72,73,89,90,116,119" machi="116" ten="25,8000,1" yaku="1,1,2,1,0,1,22,2,53,0" doraHai="97" doraHaiUra="123" who="2" fromWho="2" sc="250,-40,250,-20,240,90,250,-20" /><INIT seed="1,0,0,1,4,23" ten="210,230,330,230" oya="1" hai0="84,82,129,51,55,101,118,120,64,127,92,6,107" hai1="108,56,130,134,4,85,109,68,72,37,9,97,87" hai2="63,102,103,24,11,110,40,73,16,95,53,17,65" hai3="90,83,25,15,59,113,10,104,61,119,49,100,69"/><U45/><E68/><V135/><F135/><W27/><G113/><T7/><D118/><U88/><E72/><V126/><F73/><W18/><G119/><T30/><D120/><U46/><E134/><V70/><F40/><W21/><G69/><T52/><D107/><U3/><E130/><V78/><F78/><W19/><G104/><T114/><D114/><U1/><E1/><V31/><F126/><W8/><G100/><T33/><D129/><U74/><E74/><V0/><F110/><N who="1" m="42601" /><E56/><V105/><F105/><W86/><G49/><T67/><D127/><U79/><E97/><V60/><F53/><N who="3" m="34031" /><G19/><T62/><D33/><U133/><E37/><V50/><F63/><W94/><G83/><T91/><D30/><U28/><E28/><V34/><F50/><W125/><G125/><T112/><D112/><U75/><E75/><V116/><F116/><W66/><G66/><N who="0" m="25131" /><D62/><U99/><E133/><V77/><F77/><W132/><G132/><T13/><D13/><U106/><E106/><V2/><F2/><W41/><G41/><T44/><D55/><U5/><E5/><V26/><F95/><W89/><G89/><T39/><D39/><U22/><E79/><V42/><F42/><W124/><G124/><T98/><AGARI ba="0,0" hai="6,7,44,51,52,82,84,91,92,98,101" m="25131" machi="98" ten="30,2000,0" yaku="8,1,54,1" doraHai="23" who="0" fromWho="0" sc="210,20,230,-10,330,-5,230,-5" /><INIT seed="2,0,0,3,4,53" ten="230,220,325,225" oya="2" hai0="130,117,99,106,11,114,60,35,24,108,30,48,62" hai1="110,96,37,49,50,126,10,97,111,55,86,109,89" hai2="32,75,95,33,67,57,7,56,23,47,122,84,16" hai3="127,29,27,121,8,19,120,6,26,92,52,91,45"/><V135/><F122/><N who="3" m="47211" /><G92/><T85/><D114/><U112/><E37/><V104/><F104/><W93/><G127/><T124/><D117/><U66/><E112/><V21/><F75/><W58/><G45/><T123/><D123/><U22/><E126/><V119/><F119/><W15/><G29/><T38/><D124/><U36/><E36/><V94/><F33/><W105/><G105/><T54/><D38/><U51/><E66/><V2/><F32/><W31/><G31/><T14/><D130/><U43/><E43/><V63/><F135/><W82/><G82/><T65/><D108/><U41/><E41/><V83/><F7/><W5/><G8/><T74/><D74/><U71/><E71/><V46/><F2/><W73/><G73/><T20/><D65/><U12/><E22/><V34/><F34/><W113/><G113/><T102/><D85/><U81/><REACH who="1" step="1"/><E55/><REACH who="1" ten="230,210,325,225" step="2"/><N who="2" m="34207" /><F21/><W44/><G52/><T40/><D40/><U115/><E115/><V39/><F39/><W42/><G26/><T100/><D20/><U72/><E72/><V64/><F64/><W28/><G27/><T69/><D69/><U59/><E59/><V125/><F125/><W88/><G28/><T77/><D30/><U101/><E101/><V78/><F46/><W131/><G5/><AGARI ba="0,1" hai="5,10,12,49,50,51,81,86,89,96,97,109,110,111" machi="5" ten="50,6400,0" yaku="1,1,14,1,53,1" doraHai="53" doraHaiUra="4" who="1" fromWho="3" sc="230,0,210,74,325,0,225,-64" /><INIT seed="3,0,0,2,1,110" ten="230,284,325,161" oya="3" hai0="109,68,118,114,6,66,56,57,0,80,5,89,17" hai1="104,133,123,132,20,82,55,13,95,53,52,16,26" hai2="105,106,62,21,86,79,51,100,73,11,130,107,124" hai3="64,83,90,8,50,126,88,15,9,67,3,45,42"/><W101/><G3/><T60/><D118/><U71/><E104/><V23/><F73/><W113/><G101/><T103/><D109/><U75/><E123/><V65/><F130/><W19/><G126/><T63/><D0/><U74/><E71/><V99/><F124/><W41/><G41/><T127/><D127/><U102/><E82/><V12/><F51/><W18/><G113/><T92/><D80/><U32/><E32/><V14/><F14/><W117/><G117/><T7/><D103/><U44/><E44/><V135/><F135/><N who="1" m="51785" /><E26/><V87/><F23/><W85/><G90/><T58/><D114/><U98/><AGARI ba="0,0" hai="13,16,20,52,53,55,74,75,95,98,102" m="51785" machi="98" ten="40,5200,0" yaku="20,1,54,2" doraHai="110" who="1" fromWho="1" sc="230,-13,284,52,325,-13,161,-26" /><INIT seed="4,0,0,4,4,32" ten="217,336,312,135" oya="0" hai0="27,89,127,4,58,90,7,109,78,132,110,60,33" hai1="120,42,72,10,3,11,65,99,77,6,87,41,59" hai2="102,129,9,126,43,71,13,26,67,66,28,12,114" hai3="113,49,79,107,117,31,38,16,130,54,61,68,53"/><T22/><D33/><U21/><E120/><V108/><F108/><N who="0" m="41578" /><D127/><U45/><E11/><V17/><F126/><W73/><G117/><T83/><D132/><U119/><E119/><V135/><F135/><W93/><G107/><T81/><D78/><U74/><E74/><V101/><F129/><W82/><G38/><T96/><D96/><U105/><E72/><V88/><F43/><W80/><G130/><T115/><D115/><U47/><E21/><N who="2" m="15439" /><F71/><W20/><G113/><T123/><D123/><U70/><E70/><V64/><F114/><W24/><G31/><N who="0" m="17911" /><D83/><U122/><E122/><V124/><F124/><W34/><G34/><T14/><D14/><U56/><E99/><V134/><F134/><W86/><G93/><T5/><D81/><U52/><E105/><V44/><F44/><W118/><G118/><T0/><D0/><U84/><E77/><V116/><F116/><W18/><G68/><T128/><D128/><U39/><E65/><AGARI ba="0,0" hai="4,5,7,58,60,65,89,90" m="17911,41578" machi="65" ten="30,1500,0" yaku="10,1" doraHai="32" who="0" fromWho="1" sc="217,15,336,-15,312,0,135,0" /><INIT seed="4,1,0,1,1,91" ten="232,321,312,135" oya="0" hai0="30,90,86,61,50,55,96,77,125,59,45,114,67" hai1="1,118,70,106,98,56,15,25,48,128,29,31,105" hai2="27,58,13,20,18,124,102,132,40,95,2,112,79" hai3="5,73,0,23,33,99,64,34,17,19,12,135,14"/><T85/><D114/><U75/><E75/><V54/><F2/><W39/><G39/><T119/><D119/><U8/><E1/><V47/><F132/><W103/><G73/><T21/><D125/><U109/><E70/><V93/><F102/><W82/><G82/><T28/><D77/><U104/><E118/><V36/><F124/><W131/><G64/><T74/><D74/><U117/><E117/><V26/><F112/><W110/><G110/><T57/><D57/><U68/><E68/><V11/><F79/><W78/><G78/><T115/><D115/><U38/><E38/><V43/><F40/><W108/><G108/><T121/><D121/><U63/><E109/><V88/><F88/><W9/><G131/><T122/><D122/><U4/><E128/><V69/><F27/><W127/><G127/><T41/><D41/><U107/><E48/><V130/><F69/><W32/><G135/><T66/><D66/><U52/><REACH who="1" step="1"/><E25/><REACH who="1" ten="232,311,312,135" step="2"/><V120/><F120/><W89/><G34/><T113/><D113/><U65/><E65/><V51/><REACH who="2" step="1"/><F130/><REACH who="2" ten="232,311,302,135" step="2"/><W116/><G116/><T123/><D123/><U83/><E83/><V100/><F100/><AGARI ba="1,2" hai="4,8,15,29,31,52,56,63,98,100,104,105,106,107" machi="100" ten="40,12000,2" yaku="1,1,54,1,53,4" doraHai="91" doraHaiUra="101" who="1" fromWho="2" sc="232,0,311,143,302,-123,135,0" /><INIT seed="5,0,0,0,1,21" ten="232,454,179,135" oya="1" hai0="88,53,125,26,65,48,61,121,78,105,22,92,51" hai1="86,73,5,3,71,23,124,133,81,134,68,6,89" hai2="58,43,120,52,110,13,16,113,87,24,9,115,109" hai3="119,7,36,98,0,85,44,118,64,90,38,67,4"/><U91/><E124/><V123/><F43/><W75/><G75/><T47/><D125/><U1/><E73/><V37/><F37/><W106/><G106/><T42/><D105/><U31/><E23/><V128/><F87/><W18/><G18/><T112/><D112/><N who="2" m="43082" /><F128/><W25/><G25/><T74/><D121/><N who="2" m="46666" /><F24/><W34/><G34/><T129/><D129/><U126/><E126/><V127/><F127/><W94/><G67/><T76/><D74/><U62/><E31/><V50/><AGARI ba="0,0" hai="9,13,16,50,52,58,109,110" m="46666,43082" machi="50" ten="30,7900,0" yaku="15,1,11,1,54,2" doraHai="21" who="2" fromWho="2" sc="232,-20,454,-39,179,79,135,-20" /><INIT seed="6,0,0,4,3,133" ten="212,415,258,115" oya="2" hai0="67,46,51,24,134,29,82,105,96,92,39,84,106" hai1="120,86,64,0,98,12,114,95,34,58,61,104,40" hai2="54,60,5,93,121,66,83,73,17,41,52,101,72" hai3="28,81,110,102,109,132,42,13,23,94,2,103,20"/><V1/><F121/><W100/><G42/><T68/><D134/><U19/><E0/><V111/><F41/><W37/><G2/><T119/><D39/><U87/><E34/><V47/><F111/><W113/><G37/><T8/><D119/><U129/><E120/><V3/><F3/><W43/><G43/><T45/><D68/><U21/><E129/><V74/><F83/><W130/><G132/><T59/><D8/><U15/><E104/><V118/><F118/><W25/><G130/><T35/><D106/><U128/><E128/><V90/><F101/><W38/><G38/><T7/><D105/><U135/><E40/><V108/><F108/><W75/><G110/><T97/><D7/><U99/><E114/><V112/><F112/><W79/><G109/><T11/><D11/><U117/><E117/><V26/><F5/><W71/><G113/><T6/><D6/><U76/><E135/><V27/><F47/><W62/><G71/><T88/><D96/><U55/><E12/><V50/><F1/><W31/><G62/><T22/><D35/><U107/><E107/><V70/><F50/><W10/><G94/><T32/><D32/><U44/><E76/><V91/><F17/><W30/><REACH who="3" step="1"/><G25/><REACH who="3" ten="212,415,258,105" step="2"/><N who="2" m="9225" /><F93/><W14/><G14/><T89/><REACH who="0" step="1"/><D51/><REACH who="0" ten="202,415,258,105" step="2"/><N who="1" m="29159" /><E98/><V127/><F70/><W122/><G122/><T78/><D78/><U80/><E99/><V33/><F60/><AGARI ba="0,2" hai="22,24,29,45,46,59,60,67,82,84,88,89,92,97" machi="60" ten="40,5200,0" yaku="1,1,8,1,54,1,53,0" doraHai="133" doraHaiUra="116" who="0" fromWho="2" sc="202,72,415,0,258,-52,105,0" /><INIT seed="7,0,0,1,4,98" ten="274,415,206,105" oya="3" hai0="103,9,63,111,53,74,65,23,107,7,15,122,49" hai1="80,26,82,37,112,118,130,2,46,90,124,18,133" hai2="120,57,78,88,30,70,97,35,19,62,55,104,52" hai3="110,67,39,128,123,24,27,40,12,66,41,121,114"/><W73/><G73/><T72/><D122/><U28/><E2/><V56/><F120/><W47/><G123/><T76/><D111/><U6/><E118/><V116/><F116/><W129/><G121/><T17/><D76/><U131/><E6/><V32/><F78/><W16/><G40/><T20/><D72/><U101/><E133/><V119/><F119/><W86/><G86/><T134/><D134/><U64/><E124/><V50/><F70/><W48/><G39/><T13/><D74/><U11/><E112/><V68/><F68/><W105/><G105/><T115/><D115/><U89/><E64/><V100/><F30/><W135/><G135/><T109/><D109/><U8/><E101/><V84/><REACH who="2" step="1"/><F19/><REACH who="2" ten="274,415,196,105" step="2"/><W58/><G114/><T83/><D17/><U132/><E18/><V54/><F54/><W1/><G110/><T43/><D53/><U31/><E31/><V45/><F45/><W85/><G1/><T93/><D43/><U113/><E113/><V117/><F117/><W59/><G85/><T36/><D36/><U51/><E132/><V87/><F87/><W71/><G67/><T91/><D107/><U38/><E46/><V95/><AGARI ba="0,1" hai="32,35,50,52,55,56,57,62,84,88,95,97,100,104" machi="95" ten="20,12000,2" yaku="1,1,0,1,7,1,52,1,54,2,53,0" doraHai="98" doraHaiUra="14" who="2" fromWho="2" sc="274,-30,415,-30,196,130,105,-60" owari="244,-16,385,48,326,13,45,-45" /></mjloggm>