<mjloggm ver="2.3"><GO type="137" lobby="0"/><UN n0="%E3%82%82%E3%81%86%E3%82%8A%E3%81%99" n1="%E4%BB%8A%E6%97%A5%E3%82%82%E5%B9%B3%E5%92%8C" n2="%E3%81%BD%E3%82%93%E3%81%A4%E3%82%88%E2%98%86" n3="%E7%95%99%E8%90%8C" dan="11,11,11,12" rate="1707.81,1512.75,1878.50,1587.28" sx="M,M,M,M"/><TAIKYOKU oya="0"/><INIT seed="0,0,0,3,1,41" ten="250,250,250,250" oya="0" hai0="8,128,44,104,3,43,70,71,57,47,64,50,7" hai1="68,89,126,72,27,84,54,118,37,45,75,111,92" hai2="15,85,13,24,121,36,86,115,60,12,23,119,51" hai3="103,130,105,55,65,16,0,133,100,135,79,73,38"/><T87/><D104/><U9/><E118/><V90/><F119/><W116/><G0/><T102/><D102/><U34/><E68/><V63/><F121/><W80/><G116/><T58/><D128/><U18/><E111/><V25/><F115/><W29/><G130/><T95/><D58/><U30/><E126/><V127/><F86/><W97/><G100/><T26/><D26/><U98/><E75/><V5/><F5/><W69/><G38/><T129/><D129/><U99/><E72/><V67/><F36/><W49/><G29/><T94/><D95/><U1/><E1/><V117/><F117/><W14/><G55/><T101/><D101/><U10/><E37/><V113/><F63/><W124/><G49/><T2/><D2/><U82/><E18/><V19/><F25/><W112/><G112/><T83/><D94/><U6/><E10/><V93/><F127/><W52/><G124/><T32/><D32/><U132/><E132/><N who="3" m="50762" /><G69/><T78/><REACH who="0" step="1"/><D47/><REACH who="0" ten="240,250,250,250" step="2"/><U66/><E45/><V110/><F110/><W106/><G106/><T42/><D42/><U59/><E66/><V53/><F113/><W122/><G65/><T17/><D17/><U62/><E92/><V28/><F19/><W46/><G122/><T61/><AGARI ba="0,1" hai="3,7,8,43,44,50,57,61,64,70,71,78,83,87" machi="61" ten="30,6000,0" yaku="1,1,0,1,52,1,53,0" doraHai="41" doraHaiUra="88" who="0" fromWho="0" sc="240,70,250,-20,250,-20,250,-20" /><INIT seed="0,1,0,0,1,130" ten="310,230,230,230" oya="0" hai0="41,88,121,13,3,81,69,126,97,120,135,110,82" hai1="91,90,75,131,8,124,86,67,103,85,93,127,112" hai2="53,49,28,0,17,70,114,125,57,132,4,10,19" hai3="42,128,122,26,61,52,133,123,105,27,21,98,99"/><T54/><D69/><U36/><E36/><V6/><F114/><W29/><G128/><T78/><D3/><U9/><E112/><V66/><F125/><W15/><G42/><T111/><D126/><N who="1" m="48171" /><E131/><V108/><F108/><N who="0" m="41514" /><D41/><U56/><E75/><V116/><F116/><W25/><G133/><T32/><D32/><U23/><E23/><V20/><F132/><W37/><G37/><T45/><D13/><U34/><E34/><V117/><F117/><W65/><G29/><T79/><D135/><U47/><E47/><V89/><F89/><W71/><G52/><T68/><D68/><U101/><E9/><V104/><F104/><W113/><G113/><T95/><D54/><U46/><E46/><V134/><F134/><W1/><G1/><T115/><D45/><U40/><E40/><V107/><F107/><W24/><G105/><T118/><D118/><U55/><E67/><V12/><F4/><W80/><G80/><N who="0" m="30827" /><D115/><U51/><E8/><V33/><F19/><W35/><G35/><T72/><D72/><U43/><E43/><V77/><F77/><AGARI ba="1,0" hai="77,78,79,88,95,97,120,121" m="30827,41514" machi="77" ten="30,12000,1" yaku="14,1,10,1,34,2,54,1" doraHai="130" who="0" fromWho="2" sc="310,123,230,0,230,-123,230,0" /><INIT seed="0,2,0,3,2,125" ten="433,230,107,230" oya="0" hai0="18,69,86,43,30,40,48,123,58,102,121,135,19" hai1="35,60,104,85,107,4,62,13,73,103,88,25,77" hai2="84,63,57,21,16,114,39,122,133,9,64,113,106" hai3="70,65,89,90,93,118,116,11,1,20,56,54,33"/><T117/><D69/><U83/><E35/><V55/><F39/><W95/><G33/><T130/><D130/><U61/><E25/><V76/><F133/><W26/><G1/><T17/><D135/><U8/><REACH who="1" step="1"/><E103/><REACH who="1" ten="433,220,107,230" step="2"/><V109/><F122/><W15/><G118/><T72/><D102/><U28/><E28/><V36/><F36/><W82/><G116/><T108/><D30/><U124/><E124/><V128/><F109/><W66/><G26/><T112/><D117/><U98/><E98/><V44/><F114/><W10/><G70/><T22/><D108/><U0/><E0/><V127/><F113/><W34/><G34/><T132/><D112/><U87/><E87/><V52/><F127/><W46/><G82/><AGARI ba="2,1" hai="4,8,13,60,61,62,73,77,82,83,85,88,104,107" machi="82" ten="40,2600,0" yaku="1,1,54,1,53,0" doraHai="125" doraHaiUra="134" who="1" fromWho="3" sc="433,0,220,42,107,0,230,-32" /><INIT seed="1,0,0,3,4,45" ten="433,262,107,198" oya="1" hai0="40,35,38,19,118,100,30,71,3,23,134,75,103" hai1="120,79,66,54,95,2,108,117,89,65,10,48,27" hai2="99,15,13,52,83,105,86,135,70,130,68,39,8" hai3="1,91,42,96,73,107,69,61,18,57,122,132,74"/><U114/><E117/><V31/><F130/><W12/><G1/><T76/><D118/><U62/><E114/><V29/><F135/><W6/><G42/><T116/><D116/><U98/><E120/><V4/><F13/><W25/><G69/><T26/><D71/><U51/><E79/><V84/><F84/><W28/><G122/><T104/><D104/><U44/><E27/><V92/><F39/><W113/><G113/><T97/><D97/><U87/><E51/><V78/><F70/><W46/><G132/><T127/><D127/><U49/><E49/><V59/><F68/><W22/><G73/><T111/><D111/><U126/><E126/><V102/><REACH who="2" step="1"/><F105/><REACH who="2" ten="433,262,97,198" step="2"/><W34/><G107/><T60/><D134/><U58/><E108/><V47/><F47/><W121/><G121/><T93/><D75/><U16/><E2/><V0/><F0/><W37/><G74/><T56/><D56/><U85/><REACH who="1" step="1"/><E65/><REACH who="1" ten="433,252,97,198" step="2"/><V119/><F119/><W21/><G37/><T77/><D38/><U128/><E128/><V33/><F33/><W9/><G34/><T20/><D3/><U67/><E67/><V110/><F110/><W101/><G46/><T43/><D35/><U64/><E64/><V90/><F90/><W133/><G133/><T53/><D76/><U11/><E11/><V80/><F80/><W112/><G9/><T125/><D77/><U72/><E72/><V124/><F124/><W55/><G112/><T123/><D125/><U50/><E50/><AGARI ba="0,2" hai="4,8,15,29,31,50,52,59,78,83,86,92,99,102" machi="50" ten="30,8000,1" yaku="1,1,7,1,8,1,52,1,54,1,53,0" doraHai="45" doraHaiUra="115" who="2" fromWho="1" sc="433,0,252,-80,97,100,198,0" /><INIT seed="2,0,0,2,3,93" ten="433,172,197,198" oya="2" hai0="29,94,1,75,55,46,54,91,13,15,103,19,84" hai1="53,32,79,86,16,40,60,97,115,24,45,133,67" hai2="85,89,57,26,102,77,3,76,73,11,69,117,4" hai3="120,62,8,80,119,122,5,87,2,43,128,72,95"/><V125/><F69/><W34/><G119/><T25/><D75/><U116/><E115/><V17/><F117/><W82/><G128/><T130/><D1/><U101/><E116/><V30/><F125/><W33/><G43/><T131/><D46/><U56/><E133/><V127/><F73/><W81/><G72/><T20/><D103/><U78/><E67/><V23/><F102/><W100/><G62/><T109/><D109/><U36/><E32/><V135/><F135/><W31/><G31/><T106/><D106/><U50/><E86/><V12/><F127/><W123/><REACH who="3" step="1"/><G87/><REACH who="3" ten="433,172,197,188" step="2"/><T105/><D131/><U35/><E35/><N who="2" m="20951" /><F57/><W132/><G132/><T121/><D130/><U98/><E36/><V113/><F113/><W18/><G18/><T110/><D29/><U39/><E39/><V58/><F58/><W37/><G37/><T90/><D110/><U6/><E16/><V108/><F108/><W0/><G0/><T14/><D121/><U41/><E41/><V48/><F48/><W126/><G126/><T114/><D114/><U104/><E6/><V64/><F64/><W9/><G9/><T38/><D38/><U59/><E59/><V49/><F49/><W63/><G63/><T21/><D20/><U83/><E79/><V71/><F71/><W70/><G70/><T42/><D42/><U68/><E68/><V28/><F28/><W92/><G92/><AGARI ba="0,1" hai="3,4,11,12,17,23,76,77,85,89,92" m="20951" machi="92" ten="30,1500,0" yaku="24,1" doraHai="93" who="2" fromWho="3" sc="433,0,172,0,197,25,188,-15" /><INIT seed="2,1,0,4,5,6" ten="433,172,222,173" oya="2" hai0="40,101,132,47,73,24,93,112,66,109,122,39,32" hai1="123,95,75,34,96,82,130,68,19,20,84,107,3" hai2="94,7,58,16,71,64,113,133,60,69,10,48,43" hai3="118,55,1,46,9,127,62,29,79,119,76,38,8"/><V110/><F113/><W45/><G29/><T102/><D122/><U125/><E34/><V87/><F133/><W90/><G127/><T83/><D112/><U81/><E123/><V120/><F120/><W91/><G38/><T124/><D124/><U51/><E125/><V128/><F128/><W88/><G62/><T17/><D132/><U98/><E68/><V41/><F110/><W131/><G131/><T100/><D109/><U35/><E130/><V13/><F7/><W53/><REACH who="3" step="1"/><G91/><REACH who="3" ten="433,172,222,163" step="2"/><T22/><D32/><U72/><E35/><V116/><F116/><W114/><G114/><T54/><D66/><U63/><E63/><V111/><F111/><W104/><G104/><T25/><D54/><U65/><E65/><V85/><F48/><W21/><G21/><T31/><D73/><U74/><E107/><V89/><REACH who="2" step="1"/><F87/><REACH who="2" ten="433,172,212,163" step="2"/><W67/><G67/><T11/><D39/><U18/><E3/><AGARI ba="1,2" hai="1,3,8,9,45,46,53,55,76,79,88,90,118,119" machi="3" ten="25,16000,3" yaku="1,1,22,2,52,2,54,1,53,2" doraHai="6" doraHaiUra="5" who="3" fromWho="1" sc="433,0,172,-163,212,0,163,183" /><INIT seed="3,0,0,1,0,43" ten="433,9,212,346" oya="3" hai0="45,110,26,37,81,33,24,76,103,132,69,22,99" hai1="49,108,28,55,27,94,64,92,25,50,18,95,130" hai2="34,129,46,57,123,8,116,106,21,30,0,74,115" hai3="107,135,121,98,52,131,63,83,7,54,117,104,77"/><W40/><G117/><T61/><D110/><U118/><E118/><V53/><F116/><W87/><G121/><T125/><D125/><U23/><E108/><V38/><F123/><W66/><G40/><T48/><D132/><U15/><E130/><V72/><F21/><W73/><G135/><T36/><D33/><U100/><E64/><V20/><F20/><W112/><G131/><T13/><D13/><U2/><E2/><V97/><F129/><W70/><G112/><T114/><D114/><U111/><E111/><V60/><F115/><W113/><G113/><T65/><D24/><U105/><E105/><V128/><F128/><W85/><G7/><T67/><D65/><U29/><E100/><V89/><F89/><W11/><G11/><T5/><D5/><U109/><E109/><V58/><F58/><W91/><G107/><T84/><D99/><U19/><E55/><V1/><F53/><W127/><G127/><T90/><D103/><U41/><E41/><V96/><F57/><W35/><G35/><T88/><D37/><U12/><E95/><V47/><F60/><W78/><G78/><T44/><D36/><U16/><E19/><V56/><F56/><W134/><G104/><T86/><D48/><U133/><E133/><V122/><F106/><W102/><G134/><T119/><D119/><U124/><E124/><V126/><F122/><W17/><G17/><N who="0" m="12623" /><D76/><U51/><E51/><V39/><F126/><W9/><G102/><T62/><D61/><U80/><E80/><V93/><F93/><W59/><G83/><T6/><D6/><U75/><E75/><RYUUKYOKU ba="0,0" sc="433,15,9,15,212,-15,346,-15" hai0="44,45,62,67,69,81,84,86,88,90" hai1="12,15,16,18,23,25,27,28,29,49,50,92,94" /><INIT seed="4,1,0,4,2,97" ten="448,24,197,331" oya="0" hai0="84,37,117,120,42,107,14,5,119,30,12,29,96" hai1="32,36,109,47,86,68,59,46,45,72,26,131,11" hai2="19,71,82,44,83,114,103,60,113,130,118,0,40" hai3="70,41,112,116,21,16,43,65,57,80,122,124,2"/><T98/><D120/><U108/><E68/><V56/><F118/><W35/><G122/><T9/><D84/><U23/><E72/><V18/><F71/><W1/><G116/><T58/><D58/><U17/><E32/><V39/><F0/><W79/><G35/><T4/><D42/><U78/><E131/><V85/><F130/><W20/><G112/><N who="2" m="43113" /><F83/><W93/><G124/><T33/><D37/><U110/><E36/><V24/><F24/><W10/><G70/><T34/><D9/><U8/><E59/><V104/><F85/><W55/><G65/><T50/><D50/><U67/><E67/><N who="2" m="39303" /><F82/><W111/><G111/><T91/><D91/><U15/><E78/><V53/><F53/><W127/><G127/><T25/><D25/><U90/><REACH who="1" step="1"/><E26/><REACH who="1" ten="448,14,197,331" step="2"/><V51/><F39/><W75/><G75/><T105/><AGARI ba="1,1" hai="4,5,12,14,29,30,33,34,96,98,105,107,117,119" machi="105" ten="25,4800,0" yaku="0,1,22,2" doraHai="97" who="0" fromWho="0" sc="448,61,14,-17,197,-17,331,-17" owari="509,61,-3,-50,180,-22,314,11" /></mjloggm>