<mjloggm ver="2.3"><GO type="137" lobby="0"/><UN n0="%E7%A4%BE%E7%95%9C%E3%81%AE%E5%B7%A8%E4%BA%BA" n1="%EF%BC%AB%EF%BC%A9%EF%BC%B2%EF%BC%A9%EF%BC%AE" n2="%E7%95%99%E8%90%8C" n3="%E9%9C%9C%E9%99%8D" dan="12,13,12,12" rate="1726.25,1896.51,1601.44,1693.55" sx="M,M,M,M"/><TAIKYOKU oya="0"/><INIT seed="0,0,0,1,2,64" ten="250,250,250,250" oya="0" hai0="71,37,126,41,31,76,42,121,15,40,38,106,7" hai1="80,36,22,29,119,5,110,55,123,62,30,2,96" hai2="18,72,49,97,60,24,70,75,13,58,45,46,111" hai3="128,21,125,39,14,34,65,1,19,116,91,48,86"/><T89/><D121/><U26/><E119/><V117/><F111/><W129/><G39/><T32/><D89/><U81/><E123/><V54/><F117/><W120/><G120/><T50/><D126/><U73/><E110/><V74/><F97/><W10/><G116/><T43/><N who="0" m="10752" /><DORA hai="107" /><T122/><D122/><U112/><E36/><N who="0" m="13929" /><D32/><U28/><E112/><V130/><F130/><W105/><G105/><T84/><D31/><U9/><E81/><V113/><F113/><W67/><G48/><T68/><D106/><U85/><E96/><V94/><F94/><W53/><G53/><T63/><D84/><U98/><E98/><V95/><F95/><W135/><G135/><T101/><D76/><U102/><E102/><V11/><REACH who="2" step="1"/><F24/><REACH who="2" ten="250,250,240,250" step="2"/><W61/><G125/><T83/><D101/><U69/><E85/><V132/><F132/><W59/><G34/><T127/><D83/><U47/><E69/><N who="0" m="26697" /><D15/><U52/><E80/><V6/><F6/><W12/><G1/><T56/><D7/><U51/><REACH who="1" step="1"/><E73/><REACH who="1" ten="250,240,240,250" step="2"/><V35/><F35/><W20/><G129/><T33/><D127/><U115/><E115/><V77/><F77/><W88/><G128/><T8/><D33/><U25/><E25/><V133/><F133/><W103/><G103/><T23/><D23/><U17/><E17/><V27/><F27/><W87/><G21/><T100/><D8/><U118/><E118/><V44/><F44/><W66/><G14/><T114/><D100/><U93/><E93/><V131/><F131/><W104/><G104/><T92/><D114/><U124/><E124/><V90/><F90/><RYUUKYOKU ba="0,2" sc="250,-15,240,15,240,15,250,-15" hai1="2,5,9,22,26,28,29,30,47,51,52,55,62" hai2="11,13,18,45,46,49,54,58,60,70,72,74,75" /><INIT seed="1,1,2,1,5,81" ten="235,255,255,235" oya="1" hai0="57,61,135,91,20,82,30,87,27,32,88,119,79" hai1="26,130,15,9,33,36,12,38,83,24,102,86,125" hai2="19,51,25,59,114,116,43,72,22,42,14,115,31" hai3="126,49,92,58,132,131,85,100,41,123,133,54,109"/><U128/><E102/><V99/><F72/><W63/><G100/><T40/><D119/><U17/><E15/><V74/><F74/><W78/><G78/><T23/><D135/><N who="3" m="51785" /><G92/><T60/><D40/><N who="2" m="15402" /><F116/><W8/><G8/><T76/><D32/><U62/><E62/><N who="0" m="24169" /><D57/><U7/><E125/><V35/><F115/><W95/><G126/><T65/><D65/><U90/><E33/><V80/><F114/><W4/><G4/><T105/><D105/><U113/><E113/><V71/><F71/><W67/><G95/><N who="0" m="54687" /><D20/><U10/><E10/><V56/><F99/><W6/><G85/><AGARI ba="1,2" hai="23,27,30,76,79,82,85,91" m="54687,24169" machi="85" ten="30,7700,0" yaku="8,1,52,2,54,1" doraHai="81" who="0" fromWho="3" sc="235,100,255,0,255,0,235,-80" /><INIT seed="2,0,0,5,4,37" ten="335,255,255,155" oya="2" hai0="104,16,61,56,95,99,45,72,35,87,32,29,67" hai1="43,133,25,82,85,31,110,49,38,64,75,109,59" hai2="100,126,90,89,83,41,34,80,22,48,120,101,21" hai3="77,13,84,58,3,108,69,88,53,24,30,98,122"/><V65/><F120/><W92/><G122/><T52/><D72/><U54/><E75/><V135/><F65/><W33/><G108/><N who="1" m="41578" /><E133/><V121/><F135/><W36/><G36/><T73/><D73/><U23/><E64/><V11/><F34/><W105/><G69/><T93/><D104/><U130/><E130/><V26/><F121/><W74/><G3/><T46/><D35/><U94/><E94/><V40/><F126/><W20/><G13/><T91/><D32/><U78/><E38/><V66/><F66/><W124/><G124/><T50/><D29/><U118/><E118/><V111/><F111/><W97/><G97/><T57/><D16/><U127/><E127/><V86/><F11/><W107/><G107/><T96/><D87/><U47/><E59/><V129/><F129/><W2/><G2/><T106/><D106/><U7/><E7/><V81/><F101/><AGARI ba="0,0" hai="45,46,50,52,56,57,61,67,91,93,95,96,99,101" machi="101" ten="30,3900,0" yaku="7,1,8,1,54,1" doraHai="37" who="0" fromWho="2" sc="335,39,255,0,255,-39,155,0" /><INIT seed="3,0,0,2,1,7" ten="374,255,216,155" oya="3" hai0="23,1,77,48,93,6,61,74,70,31,102,104,82" hai1="44,24,114,122,95,12,65,81,119,73,111,30,40" hai2="58,97,128,126,83,56,78,42,66,123,121,87,84" hai3="18,106,69,5,33,113,27,9,63,115,80,46,90"/><W135/><G106/><T29/><D104/><U49/><E114/><V36/><F97/><W8/><G135/><T98/><D23/><U51/><E122/><N who="2" m="46603" /><F126/><W37/><G37/><T64/><REACH who="0" step="1"/><D48/><REACH who="0" ten="364,255,216,155" step="2"/><U129/><E119/><V109/><F109/><W68/><G115/><T11/><AGARI ba="0,1" hai="1,6,11,29,31,61,64,70,74,77,82,93,98,102" machi="11" ten="30,8000,1" yaku="1,1,2,1,0,1,52,1,53,1" doraHai="7" doraHaiUra="91" who="0" fromWho="0" sc="364,90,255,-20,216,-20,155,-40" /><INIT seed="4,0,0,2,3,128" ten="454,235,196,115" oya="0" hai0="52,29,12,9,83,2,113,109,23,25,123,66,76" hai1="32,67,114,54,37,130,30,126,80,22,20,92,65" hai2="77,71,102,97,107,35,117,110,133,7,74,69,96" hai3="95,1,60,100,101,0,81,40,14,36,122,99,111"/><T85/><D123/><U120/><E120/><V15/><F110/><W8/><G122/><T48/><D113/><U13/><E130/><V73/><F35/><W70/><G111/><T112/><D109/><U62/><E37/><V57/><F117/><W72/><G36/><T98/><D112/><U11/><E114/><V103/><F57/><W19/><G40/><T64/><D2/><U84/><E126/><V26/><F26/><W79/><G70/><T132/><D98/><U105/><E105/><V94/><F71/><W119/><G119/><T5/><D132/><U53/><E32/><V86/><F69/><W47/><G47/><AGARI ba="0,0" hai="5,9,12,23,25,29,47,48,52,64,66,76,83,85" machi="47" ten="30,5800,0" yaku="7,1,8,1,54,1" doraHai="128" who="0" fromWho="3" sc="454,58,235,0,196,0,115,-58" /><INIT seed="4,1,0,1,2,78" ten="512,235,196,57" oya="0" hai0="100,52,97,118,92,62,42,3,68,13,21,25,4" hai1="32,85,0,83,16,67,11,72,135,131,23,121,66" hai2="101,28,74,34,1,95,56,20,125,103,24,29,71" hai3="75,61,82,50,69,6,63,129,9,84,111,40,44"/><T90/><D118/><U124/><E121/><V27/><F74/><W87/><G111/><T102/><D68/><U12/><E72/><V107/><F71/><W123/><G123/><T114/><D3/><U37/><E37/><V88/><F1/><W108/><G129/><T43/><D114/><U35/><E131/><V76/><F76/><W39/><G108/><T45/><D4/><U57/><E124/><V115/><F115/><W22/><G69/><T132/><D132/><U36/><E36/><V80/><F56/><W18/><G39/><T59/><D13/><U133/><E0/><V17/><F125/><W79/><G75/><T116/><D116/><U58/><E11/><V77/><F107/><W33/><G33/><T15/><D15/><U91/><E32/><V126/><F126/><W112/><G112/><T65/><D65/><U48/><E35/><V113/><F113/><W109/><G109/><T64/><D64/><N who="1" m="24619" /><E48/><V96/><REACH who="2" step="1"/><F17/><REACH who="2" ten="512,235,186,57" step="2"/><W122/><G122/><T70/><D70/><U110/><E110/><V99/><F99/><W81/><G18/><N who="0" m="12471" /><D45/><U127/><E127/><V130/><F130/><W46/><G46/><T93/><D93/><U30/><E30/><V31/><F31/><W19/><G19/><T98/><D98/><U26/><E135/><V94/><F94/><W119/><G119/><T8/><D8/><N who="1" m="6151" /><E133/><V117/><F117/><W7/><G7/><T60/><D60/><U53/><E58/><V54/><F54/><W73/><G73/><T51/><D51/><U2/><E2/><V104/><F104/><W105/><G105/><T86/><D86/><RYUUKYOKU ba="1,1" sc="512,15,235,-15,186,15,57,-15" hai0="42,43,52,59,62,90,92,97,100,102" hai2="20,24,27,28,29,34,77,80,88,95,96,101,103" /><INIT seed="4,2,1,4,4,103" ten="527,220,201,42" oya="0" hai0="64,0,11,54,19,120,71,73,101,53,35,51,128" hai1="34,2,26,25,57,102,86,10,124,96,60,79,108" hai2="66,59,15,70,47,61,85,65,9,100,42,98,127" hai3="88,5,78,32,94,69,67,50,117,122,97,31,30"/><T111/><D120/><U63/><E108/><V21/><F85/><W24/><G122/><T84/><D73/><U41/><E124/><V6/><F127/><W43/><G117/><T132/><D35/><U81/><E41/><V106/><F21/><W72/><G72/><T74/><D0/><U8/><E60/><V27/><F27/><W45/><G5/><T113/><D74/><U119/><E119/><V14/><F14/><W82/><G69/><T16/><D111/><U18/><E34/><V76/><F76/><W33/><G67/><T1/><D1/><U48/><E48/><V135/><F135/><W110/><G110/><T40/><D132/><U55/><E2/><V115/><F115/><W91/><G91/><T13/><D113/><U23/><REACH who="1" step="1"/><E26/><REACH who="1" ten="527,210,201,42" step="2"/><V92/><F42/><W114/><G114/><T118/><D118/><U3/><E3/><V109/><F61/><W20/><REACH who="3" step="1"/><G30/><REACH who="3" ten="527,210,201,32" step="2"/><T46/><D64/><U105/><AGARI ba="2,3" hai="8,10,18,23,25,55,57,63,79,81,86,96,102,105" machi="105" ten="20,5200,0" yaku="1,1,0,1,7,1,52,1,53,0" doraHai="103" doraHaiUra="62" who="1" fromWho="1" sc="527,-28,210,88,201,-15,32,-15" /><INIT seed="5,0,0,2,3,23" ten="499,298,186,17" oya="1" hai0="59,83,73,6,48,90,26,81,11,113,3,42,77" hai1="72,82,28,104,19,25,128,22,33,58,71,87,43" hai2="94,74,16,76,30,17,116,80,41,15,135,85,130" hai3="31,118,67,8,29,49,132,97,115,109,39,129,34"/><U2/><E72/><V62/><F116/><W114/><G97/><T122/><D113/><U133/><E71/><V10/><F30/><W91/><G67/><T103/><D122/><U37/><E104/><V123/><F123/><W56/><G56/><T53/><D103/><U45/><E133/><V68/><F41/><W36/><G91/><T70/><D70/><U124/><E124/><V24/><F135/><W12/><G12/><T20/><D83/><U40/><E43/><V4/><F130/><W1/><G49/><T120/><D120/><U65/><E128/><V69/><F62/><W86/><G86/><T100/><D100/><U51/><E2/><V111/><F111/><W112/><G8/><T32/><D32/><U105/><E105/><V88/><REACH who="2" step="1"/><F24/><REACH who="2" ten="499,298,176,17" step="2"/><W14/><G14/><T106/><D42/><U55/><E65/><V50/><F50/><W127/><G115/><T110/><D110/><U0/><E0/><V64/><F64/><W61/><G61/><T99/><D106/><U35/><REACH who="1" step="1"/><E28/><REACH who="1" ten="499,288,176,17" step="2"/><V13/><F13/><W98/><G112/><T89/><REACH who="0" step="1"/><D99/><REACH who="0" ten="489,288,176,17" step="2"/><U63/><E63/><V54/><F54/><W79/><G114/><T52/><D52/><U101/><E101/><V44/><F44/><W95/><G109/><T131/><D131/><U60/><E60/><V47/><F47/><W117/><G132/><T92/><D92/><U57/><E57/><V75/><F75/><W7/><G129/><T134/><D134/><U93/><E93/><V38/><F38/><W96/><G39/><T119/><D119/><U102/><E102/><V46/><F46/><RYUUKYOKU ba="0,3" sc="489,10,288,10,176,10,17,-30" hai0="3,6,11,20,26,48,53,59,73,77,81,89,90" hai1="19,22,25,33,35,37,40,45,51,55,58,82,87" hai2="4,10,15,16,17,68,69,74,76,80,85,88,94" owari="529,62,298,10,186,-21,-13,-51" /></mjloggm>