<mjloggm ver="2.3"><GO type="137" lobby="0"/><UN n0="%E7%95%99%E8%90%8C" n1="%74%61%69%63%68%69%61%6E" n2="%6E%6C%31%30" n3="%56%32%41%42%47%EF%BC%81" dan="12,14,12,12" rate="1578.37,1831.50,1894.85,1717.12" sx="M,M,M,M"/><TAIKYOKU oya="0"/><INIT seed="0,0,0,2,3,35" ten="250,250,250,250" oya="0" hai0="23,110,59,4,48,123,47,94,7,51,20,12,32" hai1="82,88,60,112,43,75,30,13,111,11,46,77,45" hai2="36,19,107,29,78,81,41,127,109,104,126,63,113" hai3="84,22,119,121,65,85,118,27,18,89,68,1,24"/><T133/><D123/><U97/><E111/><V64/><F113/><W135/><G68/><T9/><D32/><U58/><E112/><V90/><F29/><W49/><G65/><T57/><D133/><U25/><E46/><V99/><F109/><W73/><G73/><T6/><D110/><U80/><E25/><V131/><F131/><W16/><G121/><T38/><D38/><U98/><E30/><V3/><F3/><W69/><G69/><T79/><D79/><U55/><E82/><V54/><F54/><W87/><G135/><T124/><D124/><N who="2" m="47658" /><F19/><N who="3" m="7211" /><G49/><N who="0" m="19019" /><D47/><U101/><E101/><V95/><F41/><W34/><G34/><T14/><D94/><U52/><E55/><V102/><F36/><W132/><G22/><N who="0" m="8235" /><D14/><U39/><REACH who="1" step="1"/><E88/><REACH who="1" ten="250,240,250,250" step="2"/><V61/><F102/><W103/><G89/><T91/><D91/><U42/><E42/><V8/><F64/><W28/><G103/><T10/><D12/><U83/><E83/><V44/><F44/><W15/><G15/><T0/><D0/><U96/><E96/><V70/><F99/><W129/><G132/><T37/><D37/><U86/><E86/><V31/><F31/><W134/><G28/><T53/><D53/><U128/><E128/><V2/><F81/><W71/><G134/><T17/><D17/><AGARI ba="0,1" hai="11,13,17,39,43,45,52,58,60,75,77,80,97,98" machi="17" ten="30,3900,0" yaku="1,1,7,1,54,1,53,0" doraHai="35" doraHaiUra="122" who="1" fromWho="0" sc="250,-39,240,49,250,0,250,0" /><INIT seed="1,0,0,5,0,30" ten="211,289,250,250" oya="1" hai0="37,60,20,25,8,108,133,100,62,134,83,71,35" hai1="106,125,107,22,48,65,82,95,101,31,123,39,103" hai2="10,66,23,104,11,4,53,84,85,109,34,55,0" hai3="102,72,17,21,14,9,93,38,33,113,87,127,129"/><U92/><E123/><V47/><F104/><W52/><G72/><T27/><D37/><U24/><E39/><V41/><F66/><W36/><G113/><T2/><D71/><U63/><E107/><V79/><F34/><W18/><G129/><T121/><D100/><U49/><E106/><V114/><F114/><W51/><G127/><T32/><D121/><U40/><E125/><V119/><F119/><W67/><G67/><T91/><D2/><U80/><E40/><V5/><F23/><W29/><G29/><T130/><D8/><U115/><E115/><V69/><F69/><W73/><G73/><T112/><D112/><U118/><E118/><V57/><F79/><W105/><G105/><T1/><D1/><U15/><E15/><V6/><F109/><W19/><G19/><T122/><D122/><U117/><E117/><V81/><F5/><W98/><G87/><T76/><D91/><U75/><E75/><V78/><F85/><W97/><G97/><T111/><D130/><U54/><E54/><V88/><F78/><W3/><G33/><N who="0" m="12875" /><D62/><U61/><E65/><V128/><F128/><W16/><G18/><T7/><D60/><U116/><E116/><V132/><F57/><W70/><G70/><T45/><D45/><U13/><E13/><V44/><F44/><W42/><G42/><T135/><D7/><U110/><E31/><V74/><F74/><W90/><G102/><T64/><D64/><U89/><E89/><V28/><F28/><W46/><REACH who="3" step="1"/><G3/><REACH who="3" ten="211,289,250,240" step="2"/><T120/><D120/><U86/><E86/><N who="2" m="50255" /><F0/><W126/><G126/><T58/><D76/><RYUUKYOKU ba="0,1" sc="211,-10,289,-10,250,-10,240,30" hai3="9,14,16,17,21,36,38,46,51,52,90,93,98" /><INIT seed="2,1,1,2,3,16" ten="201,279,240,270" oya="2" hai0="58,19,86,50,48,116,67,26,134,83,103,9,64" hai1="57,72,111,92,98,5,117,54,23,13,70,132,66" hai2="47,100,1,0,93,91,65,46,40,78,53,37,113" hai3="24,4,112,77,38,41,107,130,28,44,80,7,63"/><V52/><F113/><W27/><G107/><T39/><D39/><U131/><E117/><V94/><F65/><W59/><G112/><T123/><D103/><U115/><E115/><V76/><F100/><W34/><G27/><T22/><D123/><U118/><E118/><V62/><F37/><W81/><G130/><T51/><D116/><U17/><E72/><V32/><F62/><W49/><G38/><T8/><D134/><U79/><E131/><V6/><F6/><W82/><REACH who="3" step="1"/><G77/><REACH who="3" ten="201,279,240,260" step="2"/><N who="0" m="46447" /><D67/><AGARI ba="1,2" hai="4,7,24,28,34,41,44,49,59,63,67,80,81,82" machi="67" ten="40,1300,0" yaku="1,1,53,0" doraHai="16" doraHaiUra="89" who="3" fromWho="0" sc="201,-16,279,0,240,0,260,36" /><INIT seed="3,0,0,4,5,32" ten="185,279,240,296" oya="3" hai0="133,42,131,47,89,122,103,125,128,8,93,17,90" hai1="120,53,33,58,123,64,79,18,71,101,129,61,0" hai2="70,28,115,12,92,105,21,57,76,75,126,48,4" hai3="51,95,124,119,44,100,2,109,10,49,11,98,27"/><W68/><G68/><T114/><D122/><U111/><E111/><V24/><F115/><W85/><G109/><T54/><D114/><U9/><E129/><N who="0" m="49737" /><D125/><U46/><E33/><V106/><F126/><W26/><G124/><T60/><D133/><U16/><E101/><V19/><F70/><W69/><G69/><T43/><D103/><U63/><E79/><V134/><F134/><W37/><G37/><T130/><N who="0" m="49745" /><T41/><DORA hai="6" /><D17/><U127/><E127/><V132/><F132/><W72/><G72/><T23/><D23/><U55/><E123/><V94/><F4/><W35/><G119/><T135/><D135/><U66/><E120/><V87/><F75/><W36/><G36/><T110/><D110/><U108/><E108/><V77/><F77/><W116/><G116/><T3/><D60/><U14/><E46/><V67/><F106/><W40/><G35/><T34/><D34/><U80/><E80/><N who="2" m="47495" /><F105/><W31/><G31/><T62/><D93/><U81/><E81/><V117/><F117/><W121/><G121/><T86/><D86/><U83/><E83/><V91/><F91/><W50/><G85/><T56/><D47/><U38/><E38/><V82/><F82/><W73/><G73/><T96/><D96/><U1/><REACH who="1" step="1"/><E18/><REACH who="1" ten="185,269,240,296" step="2"/><V88/><F88/><W39/><REACH who="3" step="1"/><G2/><AGARI ba="0,1" hai="0,1,2,9,14,16,53,55,58,61,63,64,66,71" machi="2" ten="40,12000,2" yaku="1,1,2,1,52,4,54,1,53,0" doraHai="32,6" doraHaiUra="118,107" who="1" fromWho="3" sc="185,0,269,130,240,0,296,-120" /><INIT seed="4,0,0,1,3,101" ten="185,399,240,176" oya="0" hai0="24,125,83,65,121,48,38,79,134,0,9,97,81" hai1="72,84,133,50,103,56,33,88,109,135,20,73,28" hai2="12,63,104,107,90,52,129,18,131,77,132,64,39" hai3="34,127,105,16,61,106,43,3,15,108,87,70,94"/><T98/><D121/><U19/><E109/><V35/><F39/><W119/><G3/><T111/><D38/><U67/><E33/><V99/><F35/><W37/><G34/><T21/><D65/><U78/><E28/><V102/><F77/><W46/><G108/><T89/><D111/><U40/><E40/><V27/><F27/><W100/><G119/><T82/><D134/><N who="1" m="51211" /><E103/><V85/><F132/><W6/><G6/><T57/><D125/><U22/><E78/><V29/><F29/><W25/><G25/><T91/><D0/><U5/><E5/><V26/><F26/><W4/><G4/><T112/><D112/><U117/><E117/><V66/><F102/><W74/><G74/><N who="1" m="28778" /><E19/><V118/><F118/><W23/><G127/><T45/><D9/><U95/><E50/><V114/><F99/><N who="0" m="37898" /><D57/><U31/><E31/><V58/><F114/><W92/><G100/><T116/><D116/><U14/><E14/><V130/><F66/><W13/><G13/><T86/><D79/><U71/><E71/><V126/><F64/><W75/><G75/><T8/><D8/><U7/><E7/><V62/><F126/><W36/><G36/><T113/><D113/><U2/><E2/><V80/><F62/><AGARI ba="0,0" hai="20,22,56,62,67,84,88,95" m="28778,51211" machi="62" ten="30,2000,0" yaku="20,1,54,1" doraHai="101" who="1" fromWho="2" sc="185,0,399,20,240,-20,176,0" /><INIT seed="5,0,0,0,5,93" ten="185,419,220,176" oya="1" hai0="128,65,99,129,123,88,28,135,75,74,40,49,50" hai1="101,71,118,126,61,117,125,102,70,62,13,25,83" hai2="82,43,105,112,55,76,131,22,47,12,57,52,90" hai3="10,33,60,116,56,14,132,11,119,96,89,120,114"/><U130/><E13/><V48/><F105/><W80/><G33/><T5/><D65/><U94/><E94/><V20/><F131/><N who="0" m="50250" /><D5/><U38/><E130/><V29/><F90/><W26/><G120/><T36/><D28/><U110/><E83/><V4/><F29/><W98/><G26/><T19/><D19/><U66/><E25/><V34/><F34/><W100/><G114/><T31/><D31/><U8/><E8/><V67/><F67/><W51/><G51/><N who="0" m="19467" /><D123/><U124/><E110/><V15/><F112/><W127/><G127/><T37/><D135/><U111/><E111/><V77/><F4/><W106/><G132/><T68/><D68/><N who="1" m="26155" /><E66/><V27/><F27/><W109/><G109/><T45/><D37/><U113/><E113/><V3/><F48/><W0/><G0/><T72/><D72/><U86/><E86/><V84/><F84/><W6/><G11/><T44/><D44/><U9/><E9/><V23/><F47/><W85/><REACH who="3" step="1"/><G96/><REACH who="3" ten="185,419,220,166" step="2"/><T1/><D1/><U97/><E97/><V16/><F3/><W103/><G103/><N who="1" m="39434" /><E38/><V53/><F23/><W95/><G95/><AGARI ba="0,1" hai="36,40,45,74,75,88,95,99" m="19467,50250" machi="95" ten="30,3900,0" yaku="19,1,52,1,54,1" doraHai="93" who="0" fromWho="3" sc="185,49,419,0,220,0,166,-39" /><INIT seed="6,0,0,5,4,104" ten="234,419,220,127" oya="2" hai0="75,81,102,8,100,12,45,84,120,93,78,101,51" hai1="118,86,80,116,28,37,40,62,6,92,96,130,131" hai2="117,105,91,95,35,85,38,123,42,3,103,69,25" hai3="57,36,24,34,68,111,106,127,26,2,76,124,60"/><V90/><F117/><N who="1" m="45161" /><E62/><V30/><F123/><W44/><G57/><T58/><D120/><U15/><E28/><V73/><F3/><W17/><G26/><T108/><D108/><U97/><E15/><V55/><F69/><W128/><G128/><N who="1" m="49194" /><E6/><V48/><F91/><W41/><G111/><T20/><D20/><U5/><E5/><V121/><F121/><W53/><G106/><T11/><D58/><U109/><E109/><V13/><F13/><W125/><G53/><T134/><D134/><U66/><E66/><V115/><F115/><W77/><G17/><N who="0" m="8327" /><D11/><U82/><E40/><V22/><F35/><W67/><REACH who="3" step="1"/><G2/><REACH who="3" ten="234,419,220,117" step="2"/><T107/><D107/><U72/><E37/><V59/><F38/><W4/><G4/><T135/><D135/><U46/><E46/><V0/><F0/><W39/><G39/><T7/><D7/><U27/><E27/><V18/><F42/><W63/><G63/><T74/><D51/><U52/><E52/><V43/><F43/><W87/><G87/><T88/><D45/><U99/><E86/><V132/><F132/><W133/><G133/><T119/><D119/><U83/><E92/><V110/><F110/><W98/><G98/><N who="1" m="25090" /><U65/><DORA hai="70" /><E65/><V54/><F18/><W31/><AGARI ba="0,1" hai="24,31,34,36,41,44,60,67,68,76,77,124,125,127" machi="31" ten="40,8000,1" yaku="1,1,0,1,18,1,52,1,53,0" doraHai="104,70" doraHaiUra="1,19" who="3" fromWho="3" sc="234,-20,419,-20,220,-40,117,90" /><INIT seed="7,0,0,3,4,28" ten="214,399,180,207" oya="3" hai0="11,24,67,59,77,75,21,57,20,9,116,76,25" hai1="86,120,93,46,51,108,48,68,62,73,105,55,42" hai2="54,125,83,82,4,15,126,123,0,44,87,12,74" hai3="84,111,29,132,80,36,115,110,131,71,130,50,7"/><W64/><G36/><T112/><D116/><U17/><E108/><N who="3" m="41514" /><G7/><T37/><D37/><U18/><E105/><V32/><F74/><W34/><G50/><T14/><D67/><U52/><E73/><V98/><F123/><W8/><G8/><N who="0" m="3147" /><D75/><U39/><E120/><V56/><F4/><W135/><G71/><T43/><D43/><U106/><E106/><V27/><F0/><W129/><G64/><T61/><D112/><U96/><E86/><V40/><F98/><W89/><G115/><T13/><D61/><U117/><E117/><V63/><F83/><W97/><G97/><T118/><D118/><U1/><E1/><V23/><F23/><N who="0" m="8778" /><D77/><U49/><E18/><V16/><F16/><W35/><G29/><T60/><D76/><U88/><E17/><V114/><F114/><W70/><G70/><T109/><D109/><U66/><AGARI ba="0,0" hai="39,42,46,48,49,51,52,55,62,66,68,88,93,96" machi="66" ten="30,4000,0" yaku="0,1,54,2" doraHai="28" who="1" fromWho="1" sc="214,-10,399,40,180,-10,207,-20" owari="204,0,439,54,170,-33,187,-21" /></mjloggm>