<mjloggm ver="2.3"><GO type="137" lobby="0"/><UN n0="%6B%6F%61%72%61" n1="%E7%95%99%E8%90%8C" n2="%E4%B8%AD%E5%B1%B1%E4%B8%89%E9%87%8C" n3="%D0%92%D0%B0%D1%80%D1%8F%D0%B3" dan="12,12,10,10" rate="1729.97,1597.96,1473.02,1553.62" sx="M,M,M,M"/><TAIKYOKU oya="0"/><INIT seed="0,0,0,5,4,134" ten="250,250,250,250" oya="0" hai0="86,22,107,32,122,57,117,118,30,21,120,63,12" hai1="78,28,13,11,100,123,44,60,18,70,108,3,128" hai2="64,49,73,9,15,8,97,74,88,36,116,99,23" hai3="106,84,33,112,133,71,5,34,53,65,135,98,7"/><T69/><D107/><U38/><E128/><V115/><F36/><W6/><G112/><T75/><D75/><U40/><E123/><V51/><F115/><W19/><G106/><T35/><D69/><U80/><E100/><V59/><F74/><W54/><G98/><T67/><D120/><U109/><E28/><V124/><F73/><W17/><G71/><T121/><D121/><U39/><E39/><V48/><F124/><W62/><G65/><T79/><D122/><U46/><E44/><V72/><F116/><W132/><G62/><T103/><D103/><U113/><E3/><V91/><F72/><W92/><G84/><T130/><D130/><U127/><E127/><V114/><F114/><W81/><G92/><T10/><D22/><U47/><E47/><V126/><F99/><W56/><G81/><T83/><D35/><N who="3" m="13321" /><G56/><T94/><D32/><U95/><E95/><V82/><F126/><W25/><G25/><N who="0" m="16687" /><D118/><U31/><E113/><V119/><F119/><W101/><G101/><T50/><D117/><U96/><E96/><V16/><F64/><W14/><G14/><T1/><D1/><U42/><E42/><V26/><F59/><W76/><G76/><T125/><D94/><U85/><E31/><V2/><F2/><W58/><G58/><T55/><D125/><U41/><E41/><V29/><F97/><W102/><G102/><T93/><D93/><U24/><E24/><V129/><F129/><W45/><G45/><T89/><D67/><U87/><E87/><V131/><F131/><W27/><G27/><T37/><D37/><U104/><E104/><RYUUKYOKU ba="0,0" sc="250,-15,250,15,250,-15,250,15" hai1="11,13,18,38,40,46,60,70,78,80,85,108,109" hai3="5,6,7,17,19,53,54,132,133,135" /><INIT seed="1,1,0,3,2,87" ten="235,265,235,265" oya="1" hai0="74,0,105,86,36,69,60,85,91,118,109,127,56" hai1="11,81,123,67,17,59,5,6,132,14,1,111,34" hai2="35,15,20,131,44,41,112,101,61,90,37,84,102" hai3="129,31,95,39,58,97,73,119,33,16,88,78,49"/><U23/><E123/><V25/><F35/><W113/><G113/><T8/><D36/><U130/><E81/><V65/><F112/><W117/><G39/><T114/><D74/><U38/><E38/><V22/><F131/><W92/><G73/><T51/><D105/><U75/><E130/><V120/><F120/><W79/><G95/><T9/><D69/><U121/><E75/><V57/><F22/><W83/><G129/><T63/><D114/><U4/><E121/><V126/><F126/><W10/><G33/><T134/><D127/><U116/><E116/><N who="3" m="44618" /><G83/><T26/><D0/><U27/><E67/><V47/><F47/><W80/><G80/><T3/><D85/><U32/><E59/><V46/><F46/><W70/><G70/><T24/><D51/><U94/><E94/><V96/><F96/><W21/><G10/><T68/><D9/><U110/><E132/><V48/><F37/><W43/><G31/><T115/><D134/><U45/><E45/><V13/><F13/><N who="3" m="9359" /><G43/><T100/><D3/><U89/><E89/><V76/><F76/><W82/><G82/><T30/><D68/><U108/><REACH who="1" step="1"/><E1/><REACH who="1" ten="235,255,235,265" step="2"/><V98/><F90/><W135/><G135/><T18/><D118/><U42/><E42/><V40/><F40/><W106/><G106/><T12/><D115/><U54/><E54/><AGARI ba="1,1" hai="49,54,58,78,79,88,92,97" m="9359,44618" machi="54" ten="30,7700,0" yaku="12,1,52,1,54,2" doraHai="87" who="3" fromWho="1" sc="235,0,255,-80,235,0,265,90" /><INIT seed="2,0,0,3,5,24" ten="235,175,235,355" oya="2" hai0="98,122,108,42,130,87,15,88,74,123,110,95,64" hai1="20,41,10,69,134,120,56,104,17,18,125,16,92" hai2="94,99,4,40,82,103,84,115,121,91,61,132,60" hai3="57,50,100,67,86,66,28,83,62,26,135,6,106"/><V7/><F121/><N who="0" m="46090" /><D64/><U117/><E120/><V33/><F115/><W39/><G39/><T44/><D15/><U116/><E104/><V65/><F33/><W11/><G135/><T14/><D14/><U22/><E69/><V133/><F40/><W80/><G106/><T85/><D44/><U48/><E92/><V131/><F131/><W37/><G37/><T30/><D30/><U35/><E35/><V63/><REACH who="2" step="1"/><F65/><REACH who="2" ten="235,175,225,355" step="2"/><W119/><G119/><T68/><D42/><U49/><E117/><V97/><F97/><W3/><G67/><T1/><D130/><U96/><E116/><V13/><F13/><W59/><G66/><T90/><D1/><U31/><E96/><V38/><F38/><W2/><G2/><T112/><D112/><U23/><E134/><AGARI ba="0,1" hai="4,7,60,61,63,82,84,91,94,99,103,132,133,134" machi="134" ten="40,3900,0" yaku="1,1,20,1,53,0" doraHai="24" doraHaiUra="114" who="2" fromWho="1" sc="235,0,175,-39,225,49,355,0" /><INIT seed="2,1,0,4,3,56" ten="235,136,274,355" oya="2" hai0="20,14,59,100,24,33,107,76,54,67,105,92,111" hai1="50,11,102,103,53,71,19,113,78,122,117,26,16" hai2="133,48,40,38,55,132,35,127,42,1,91,125,57" hai3="18,61,9,7,0,44,21,73,68,74,43,118,114"/><V47/><F1/><W15/><G118/><T95/><D111/><U89/><E117/><V101/><F35/><W109/><G109/><T6/><D33/><U52/><E113/><V115/><F42/><W62/><G114/><T135/><D135/><N who="2" m="51786" /><F115/><W84/><G68/><T124/><D76/><U70/><E78/><V5/><F5/><W121/><G121/><T129/><D67/><U80/><E122/><V123/><F123/><W85/><G73/><T60/><D129/><U37/><E37/><V64/><F101/><W99/><G74/><T23/><D124/><N who="2" m="47690" /><F91/><W130/><G130/><T97/><D107/><U4/><E71/><V58/><F64/><W8/><G99/><T134/><D134/><U75/><E70/><V39/><F58/><W108/><G108/><T31/><D6/><U72/><E103/><V83/><F83/><W131/><G131/><T126/><D126/><U106/><E102/><V94/><F94/><W120/><G120/><T93/><D105/><U112/><E106/><V29/><F29/><W51/><G9/><T65/><D54/><N who="1" m="21099" /><E112/><V116/><F116/><W10/><G10/><T77/><D77/><U98/><E72/><V12/><F12/><N who="3" m="5151" /><G85/><T63/><D63/><AGARI ba="1,0" hai="38,39,40,47,48,55,57,63" m="47690,51786" machi="63" ten="30,12000,1" yaku="20,1,18,1,34,2,52,1" doraHai="56" who="2" fromWho="0" sc="235,-123,136,0,274,123,355,0" /><INIT seed="2,2,0,4,0,111" ten="112,136,397,355" oya="2" hai0="93,120,0,58,30,116,46,125,18,72,85,50,105" hai1="90,88,77,5,47,101,106,75,83,86,63,95,65" hai2="8,76,110,25,67,35,60,45,70,55,43,99,41" hai3="66,98,56,40,68,37,26,134,61,103,108,71,15"/><V1/><F76/><W82/><G108/><T9/><D72/><U3/><E47/><V49/><F110/><W2/><G2/><T36/><D105/><U112/><E3/><V114/><F99/><W96/><G37/><T89/><D36/><U23/><E5/><V127/><F127/><W48/><G134/><T42/><D125/><U51/><E23/><V34/><F34/><W123/><G123/><T128/><D120/><U28/><E28/><V17/><F114/><W91/><G71/><T29/><D116/><U92/><E51/><V79/><F79/><W133/><G133/><T107/><D107/><U84/><E112/><V102/><F102/><W87/><G68/><T130/><D58/><U113/><E113/><V33/><F33/><W129/><G129/><T54/><D42/><U13/><E13/><V6/><REACH who="2" step="1"/><F35/><REACH who="2" ten="112,136,387,355" step="2"/><W81/><G103/><T16/><D30/><U53/><E101/><V57/><F57/><W121/><G121/><T22/><D130/><U11/><E106/><V100/><F100/><W62/><G98/><T31/><D128/><U109/><E109/><V97/><F97/><W52/><G96/><T117/><D117/><U64/><E11/><V122/><F122/><W59/><G81/><T19/><REACH who="0" step="1"/><D22/><AGARI ba="2,1" hai="1,6,8,17,22,25,41,43,45,49,55,60,67,70" machi="22" ten="40,2000,0" yaku="1,1,53,0" doraHai="111" doraHaiUra="69" who="2" fromWho="0" sc="112,-26,136,0,387,36,355,0" /><INIT seed="2,3,0,1,0,123" ten="86,136,423,355" oya="2" hai0="54,101,69,30,56,107,32,72,89,12,21,96,65" hai1="5,115,90,51,38,92,53,27,100,120,122,84,95" hai2="125,49,16,47,61,126,128,67,111,33,103,41,119" hai3="129,13,116,34,83,39,11,81,109,106,52,124,64"/><V40/><F119/><W87/><G116/><T76/><D89/><U88/><E38/><V19/><F33/><W130/><G34/><T28/><D30/><U108/><E5/><V73/><F73/><W10/><G39/><T14/><D21/><U80/><E27/><V25/><F128/><N who="3" m="49259" /><G106/><T93/><D93/><U78/><E115/><V99/><F40/><W48/><G124/><N who="2" m="47721" /><F25/><W2/><G2/><T79/><D79/><U113/><E113/><V57/><F111/><W134/><G109/><T131/><D76/><U6/><E108/><V63/><F63/><W118/><G118/><T114/><D72/><U85/><E6/><V97/><F97/><W1/><G1/><T46/><D46/><U8/><E8/><N who="3" m="3114" /><G134/><T50/><D114/><U3/><E3/><V55/><F67/><W31/><G31/><T98/><D96/><N who="1" m="59399" /><E53/><V42/><F42/><W104/><G104/><AGARI ba="3,0" hai="16,19,41,47,49,55,57,61,99,103,104" m="47721" machi="104" ten="30,2900,0" yaku="18,1,54,1" doraHai="123" who="2" fromWho="3" sc="86,0,136,0,423,38,355,-38" /><INIT seed="2,4,0,0,2,92" ten="86,136,461,317" oya="2" hai0="87,127,22,109,111,61,43,101,131,135,117,39,72" hai1="4,118,38,45,88,49,115,76,28,33,29,70,20" hai2="123,125,93,103,35,133,60,121,21,71,37,9,102" hai3="51,63,41,80,34,75,83,85,32,69,96,11,40"/><V99/><F37/><W3/><G34/><T50/><D72/><U98/><E118/><V52/><F133/><W107/><G32/><T12/><D87/><U46/><E115/><V95/><F125/><W94/><G3/><T7/><D101/><U1/><E76/><V64/><F35/><W124/><G69/><T48/><D22/><U54/><E70/><V120/><F21/><W108/><G124/><T18/><D18/><U13/><E1/><V79/><F79/><W0/><G0/><T128/><D12/><U57/><E33/><V105/><F9/><W19/><G75/><T10/><D10/><N who="1" m="4295" /><E38/><V82/><F82/><W104/><G107/><T114/><D7/><U112/><E112/><V5/><F5/><W119/><G119/><T53/><D117/><U62/><E49/><N who="0" m="19049" /><D114/><U8/><E8/><V15/><F15/><N who="3" m="7679" /><G104/><T65/><D127/><U44/><E20/><V130/><F130/><N who="0" m="49706" /><D135/><U23/><E23/><V55/><F55/><W56/><G51/><T106/><D106/><U86/><E98/><V126/><F126/><W122/><G122/><T91/><D91/><U30/><E30/><V89/><F123/><W27/><G27/><T25/><D25/><U110/><E110/><N who="0" m="41993" /><D53/><U113/><E113/><V31/><F121/><W24/><G24/><T78/><D78/><U81/><AGARI ba="4,0" hai="28,29,44,45,46,54,57,62,81,86,88" m="4295" machi="81" ten="30,2000,0" yaku="8,1,54,1" doraHai="92" who="1" fromWho="1" sc="86,-9,136,32,461,-14,317,-9" /><INIT seed="3,0,0,1,4,129" ten="77,168,447,308" oya="3" hai0="64,118,127,23,93,9,74,122,53,16,68,113,110" hai1="37,92,24,6,36,134,40,119,67,95,62,85,86" hai2="99,73,25,32,7,5,82,94,66,29,20,15,43" hai3="104,12,8,107,58,21,26,38,70,117,112,114,89"/><W109/><G117/><T72/><D118/><U79/><E6/><V13/><F43/><W88/><G38/><T132/><D122/><U97/><E119/><V47/><F66/><W2/><G2/><T131/><D131/><U46/><E24/><V111/><F73/><W65/><G70/><T81/><D110/><U87/><E37/><V130/><F130/><W77/><G112/><T41/><D41/><U133/><E79/><V52/><F111/><W63/><G114/><T31/><D31/><U18/><E18/><V39/><F82/><W123/><G109/><T69/><D9/><U61/><E67/><V3/><F39/><W11/><G123/><T84/><D93/><N who="1" m="35915" /><E97/><V50/><F32/><W51/><G107/><T128/><D64/><U55/><E55/><V76/><F76/><W14/><G104/><T101/><D101/><U90/><E90/><N who="3" m="34922" /><G77/><T103/><D103/><U78/><E78/><V59/><F7/><W22/><G51/><T126/><D74/><U27/><E27/><V49/><F3/><W42/><G42/><T106/><D106/><U10/><E10/><N who="3" m="3626" /><G26/><T19/><D72/><U57/><E57/><V71/><F71/><W34/><G34/><T45/><D69/><U33/><E33/><V116/><F116/><W35/><G35/><T80/><D68/><U125/><E125/><V83/><F5/><W44/><G44/><T1/><D1/><U56/><E56/><V135/><F83/><W120/><G120/><T48/><D127/><U115/><E115/><V30/><F30/><W54/><G65/><T4/><D113/><U91/><E91/><RYUUKYOKU ba="0,0" sc="77,-15,168,15,447,-15,308,15" hai1="36,40,46,61,62,85,86,87,133,134" hai3="12,14,21,22,54,58,63" /><INIT seed="3,1,0,3,5,3" ten="62,183,432,323" oya="3" hai0="80,100,107,98,93,133,4,109,58,132,69,71,70" hai1="8,116,79,122,2,114,46,61,38,95,112,7,49" hai2="96,32,82,81,53,117,123,55,119,83,48,17,27" hai3="9,40,118,66,120,19,45,18,104,121,47,76,65"/><W85/><G118/><T24/><D109/><U60/><E116/><V63/><F96/><W29/><G104/><T97/><D24/><U23/><E122/><V35/><F123/><W113/><G121/><T26/><D26/><U37/><E79/><V52/><F119/><W34/><G120/><T103/><D80/><U92/><E23/><V5/><F117/><W110/><G113/><T87/><D87/><U57/><E114/><V84/><F35/><W30/><G110/><T77/><D77/><U94/><E112/><V39/><F39/><W44/><G34/><T125/><D125/><U25/><E25/><V22/><F32/><W50/><G76/><T73/><D73/><U102/><E102/><V10/><F63/><W135/><G85/><T43/><D43/><U36/><REACH who="1" step="1"/><E57/><REACH who="1" ten="62,173,432,323" step="2"/><V99/><F27/><W91/><G135/><T75/><D58/><U64/><E64/><V42/><F22/><W115/><G115/><T86/><D75/><U127/><E127/><V54/><F54/><AGARI ba="1,1" hai="2,7,8,36,37,38,46,49,54,60,61,92,94,95" machi="54" ten="50,3200,0" yaku="1,1,52,1,53,0" doraHai="3" doraHaiUra="11" who="1" fromWho="2" sc="62,0,173,45,432,-35,323,0" /><INIT seed="4,0,0,1,1,68" ten="62,218,397,323" oya="0" hai0="98,4,120,127,11,106,3,24,5,67,88,111,102" hai1="9,59,28,80,7,16,94,71,70,92,58,12,15" hai2="60,51,109,8,20,110,63,22,121,42,40,123,100" hai3="118,112,101,73,85,97,65,84,77,57,49,48,113"/><T96/><D120/><U46/><E28/><V79/><F79/><W25/><G118/><T130/><D130/><U135/><E80/><V66/><F100/><W6/><G73/><T62/><D127/><U31/><E31/><V61/><F109/><W124/><G77/><T69/><D111/><U122/><E122/><V95/><F123/><W2/><G124/><T75/><D75/><U41/><E135/><V1/><F110/><W82/><G2/><T47/><D5/><U133/><E133/><V32/><F121/><W115/><G6/><T33/><D47/><U53/><E71/><V43/><F32/><W108/><G108/><T30/><D96/><U114/><E70/><V34/><F1/><W39/><G25/><T17/><D17/><U35/><E35/><V90/><F34/><W37/><G65/><T54/><D54/><U36/><E114/><N who="3" m="29186" /><W119/><DORA hai="50" /><G119/><T99/><D99/><U87/><E87/><N who="3" m="33354" /><G82/><T64/><D64/><U126/><E126/><V81/><F8/><W29/><G29/><T27/><D24/><U72/><E72/><V10/><F10/><W0/><G0/><T89/><AGARI ba="0,0" hai="3,4,11,27,30,33,62,67,69,88,89,98,102,106" machi="89" ten="30,11700,0" yaku="0,1,25,2,54,1" doraHai="68,50" who="0" fromWho="0" sc="62,117,218,-39,397,-39,323,-39" /><INIT seed="4,1,0,3,5,30" ten="179,179,358,284" oya="0" hai0="123,32,24,122,75,5,71,2,119,36,87,125,52" hai1="109,72,6,77,81,120,108,34,117,74,27,56,89" hai2="63,135,21,65,98,50,114,16,22,131,58,91,49" hai3="41,9,85,55,69,28,115,129,103,18,102,73,35"/><T92/><D71/><U33/><E6/><V31/><F135/><W113/><G69/><T23/><D75/><U104/><E104/><V1/><F1/><W107/><G73/><T76/><D36/><U99/><E120/><V0/><F131/><W68/><G68/><T110/><D110/><U112/><E109/><V78/><F114/><N who="3" m="43531" /><G107/><T12/><D119/><U64/><E108/><V127/><F127/><W83/><G129/><T13/><D125/><U80/><E117/><V93/><F0/><W101/><G41/><T10/><D123/><U47/><E47/><V132/><F132/><W54/><G9/><T96/><D122/><U25/><E112/><V19/><F78/><N who="3" m="46327" /><G18/><N who="2" m="6697" /><F21/><W4/><G4/><T11/><D10/><U116/><E116/><V82/><F82/><W67/><G67/><T48/><D87/><U121/><E121/><V90/><F90/><W15/><G15/><T17/><D76/><U88/><E64/><V100/><F91/><W40/><G40/><T118/><D118/><U8/><E56/><V105/><F105/><W106/><G106/><T26/><D26/><AGARI ba="1,0" hai="22,26,31,49,50,58,63,65,93,98,100" m="6697" machi="26" ten="30,3900,0" yaku="25,1,8,1,54,1" doraHai="30" who="2" fromWho="0" sc="179,-42,179,0,358,42,284,0" /><AGARI ba="1,0" hai="26,28,35,54,55,101,102,103" m="46327,43531" machi="26" ten="30,2000,0" yaku="15,1,52,1" doraHai="30" who="3" fromWho="0" sc="137,-20,179,0,400,0,284,20" /><INIT seed="5,0,0,3,2,45" ten="117,179,400,304" oya="1" hai0="21,85,110,7,33,41,88,17,1,48,79,51,105" hai1="36,115,96,78,49,37,44,19,47,13,89,73,118" hai2="135,31,27,54,38,101,22,8,134,29,109,113,69" hai3="43,35,124,80,14,132,84,24,112,104,46,53,97"/><U125/><E118/><V23/><F109/><W58/><G35/><T123/><D105/><U9/><E115/><V72/><F38/><W111/><G111/><T18/><D33/><U28/><E28/><V91/><F72/><W30/><G112/><T98/><D123/><U62/><E125/><V67/><F113/><W66/><G124/><T133/><D133/><N who="2" m="50698" /><F101/><W121/><G132/><T5/><D18/><U0/><E0/><V87/><F8/><W128/><G121/><T4/><D41/><U122/><E122/><V100/><F69/><W26/><G104/><T55/><D55/><U65/><E73/><V127/><F127/><W63/><G30/><T52/><D79/><U2/><E2/><V16/><F23/><W20/><G128/><T56/><D98/><U130/><E130/><V71/><F71/><W25/><G97/><T95/><D1/><U39/><E78/><V90/><F100/><W99/><G99/><T93/><D93/><U86/><E96/><V81/><F91/><W107/><G107/><T11/><D11/><U77/><E77/><V82/><F82/><W32/><G32/><T3/><D3/><U75/><E75/><V70/><F70/><W129/><G129/><T15/><D110/><U102/><E102/><V114/><F114/><W94/><G94/><T61/><AGARI ba="0,0" hai="4,5,7,15,17,21,48,51,52,56,61,85,88,95" machi="61" ten="30,12000,2" yaku="0,1,8,1,52,2,54,2" doraHai="45" who="0" fromWho="0" sc="117,120,179,-60,400,-30,304,-30" /><INIT seed="6,0,0,1,0,83" ten="237,119,370,274" oya="2" hai0="71,25,86,47,56,104,52,63,134,51,18,69,128" hai1="111,108,106,123,33,9,15,60,95,132,3,94,11" hai2="35,78,70,66,29,90,62,5,27,100,124,36,57" hai3="28,76,119,24,46,125,91,26,127,126,75,77,65"/><V72/><F36/><W121/><G119/><T37/><D104/><U53/><E106/><V89/><F124/><W96/><G121/><T2/><D2/><U43/><E53/><V44/><F72/><W88/><G75/><T117/><D117/><U98/><E33/><V82/><F5/><W97/><G65/><T42/><D128/><U38/><E60/><V68/><F100/><W64/><G28/><T61/><D134/><U17/><E132/><V92/><F90/><N who="3" m="34347" /><G64/><N who="0" m="41103" /><D86/><U115/><E111/><V80/><F70/><W41/><G46/><N who="0" m="23887" /><D25/><N who="3" m="9833" /><G41/><N who="0" m="25071" /><D18/><U102/><E108/><V73/><F82/><W23/><G23/><T114/><D114/><U85/><E115/><V84/><F44/><W87/><G87/><T54/><D71/><U59/><E123/><V34/><F68/><W39/><G39/><T109/><D109/><U16/><E38/><V93/><REACH who="2" step="1"/><F93/><REACH who="2" ten="237,119,360,274" step="2"/><W101/><G101/><T133/><D133/><U6/><E94/><V12/><F12/><W55/><G77/><T32/><D32/><AGARI ba="0,1" hai="27,29,32,34,35,57,62,66,73,78,80,84,89,92" machi="32" ten="30,5800,0" yaku="1,1,7,1,52,1,53,0" doraHai="83" doraHaiUra="113" who="2" fromWho="0" sc="237,-58,119,0,360,68,274,0" /><INIT seed="6,1,0,3,0,9" ten="179,119,428,274" oya="2" hai0="63,31,77,53,36,39,59,74,92,128,49,13,115" hai1="127,79,99,117,30,44,55,26,20,132,52,118,35" hai2="91,130,114,64,120,78,18,107,119,108,129,21,56" hai3="123,54,34,24,97,94,73,93,46,76,6,109,41"/><V4/><F120/><W122/><G109/><T111/><D111/><U133/><E79/><V89/><F119/><N who="1" m="45577" /><E99/><V43/><F108/><W82/><G34/><T66/><D31/><U10/><E10/><V60/><F114/><W7/><G24/><T81/><D115/><U17/><E127/><V45/><F107/><W102/><G123/><T11/><D92/><U23/><E44/><V50/><F78/><W27/><G122/><T131/><D128/><N who="2" m="49258" /><F4/><W105/><G105/><T5/><BYE who="3" /><REACH who="0" step="1"/><D131/><REACH who="0" ten="169,119,428,274" step="2"/><UN n3="%D0%92%D0%B0%D1%80%D1%8F%D0%B3" /><U112/><E112/><V47/><F47/><AGARI ba="1,1" hai="5,11,13,36,39,47,49,53,59,63,66,74,77,81" machi="47" ten="30,7700,0" yaku="1,1,2,1,7,1,52,1,53,0" doraHai="9" doraHaiUra="33" who="0" fromWho="2" sc="169,90,119,0,428,-80,274,0" /><INIT seed="7,0,0,4,0,13" ten="259,119,348,274" oya="3" hai0="43,118,122,5,3,94,8,61,133,108,106,93,18" hai1="6,50,17,40,89,15,92,28,68,107,128,0,45" hai2="100,130,101,131,73,25,41,88,10,117,65,121,112" hai3="127,36,75,7,63,78,39,53,4,9,81,64,37"/><W97/><G127/><T71/><D118/><U54/><E128/><N who="2" m="49195" /><F117/><W82/><G9/><T59/><D108/><U42/><E107/><V109/><F109/><W120/><G120/><T123/><D133/><U102/><E68/><V19/><F73/><W80/><G53/><T16/><D106/><U86/><E28/><V95/><F41/><W48/><G48/><T135/><D135/><U77/><E102/><V27/><F121/><W110/><G110/><T116/><D116/><U79/><E0/><V70/><F112/><W14/><G14/><T96/><D93/><U67/><E67/><V83/><F27/><W26/><G97/><T52/><D71/><U35/><E35/><V84/><F95/><W111/><G111/><T21/><D123/><U132/><E132/><V74/><F74/><W105/><G105/><T72/><D72/><U44/><E6/><V115/><F115/><W58/><G26/><T125/><D125/><U46/><E79/><V2/><F25/><W56/><G7/><T66/><D21/><N who="1" m="11455" /><E77/><V57/><F70/><W31/><G58/><T11/><D8/><U134/><E134/><V20/><F65/><W104/><G104/><T87/><D66/><U90/><E90/><V1/><F57/><W99/><G99/><T34/><D34/><U62/><E62/><V126/><F126/><W29/><G4/><T49/><D87/><U119/><E119/><V38/><F1/><W98/><G98/><T85/><D85/><U91/><E91/><V129/><F129/><W60/><G60/><T76/><D76/><U113/><E113/><V51/><F88/><RYUUKYOKU ba="0,0" sc="259,-15,119,15,348,-15,274,15" hai1="40,42,44,45,46,50,54,86,89,92" hai3="29,31,36,37,39,56,63,64,75,78,80,81,82" /><INIT seed="7,1,0,4,2,7" ten="244,134,333,289" oya="3" hai0="20,130,46,112,53,17,85,63,90,77,28,86,23" hai1="111,25,26,107,93,19,105,94,47,54,50,58,135" hai2="42,18,96,87,95,55,117,80,134,56,57,51,60" hai3="0,116,102,48,41,76,36,24,32,127,81,1,92"/><W12/><G116/><T132/><D130/><U29/><E111/><V6/><F117/><W114/><G32/><T124/><D132/><U31/><E135/><V110/><F110/><W88/><G1/><T113/><D124/><U84/><E107/><V62/><F134/><W122/><G0/><T79/><D86/><U21/><E105/><V38/><F18/><W27/><G36/><T65/><D28/><U22/><E19/><V109/><F109/><W108/><G122/><T129/><D23/><U14/><E14/><V101/><F6/><W30/><G108/><T78/><D53/><U40/><REACH who="1" step="1"/><E84/><REACH who="1" ten="244,124,333,289" step="2"/><V115/><F87/><N who="3" m="48551" /><G127/><T35/><D129/><U44/><E44/><V100/><F38/><AGARI ba="1,1" hai="21,22,25,26,29,31,38,40,47,50,54,58,93,94" machi="38" ten="30,3900,0" yaku="1,1,7,1,9,1,53,0" doraHai="7" doraHaiUra="123" who="1" fromWho="2" sc="244,0,124,52,333,-42,289,0" /><INIT seed="8,0,0,2,5,91" ten="244,176,291,289" oya="0" hai0="69,75,23,33,92,58,8,18,68,133,66,53,0" hai1="67,127,111,25,100,130,99,104,43,36,114,19,124" hai2="28,62,35,80,76,40,81,34,7,78,116,135,123" hai3="70,56,112,86,41,57,59,106,10,89,26,63,113"/><T105/><D75/><U71/><E111/><V122/><F135/><W29/><G106/><T115/><D33/><U1/><E1/><V110/><F110/><W96/><G113/><T47/><D105/><U31/><E114/><V118/><F123/><W30/><G112/><T134/><D115/><U79/><E79/><V103/><F122/><W98/><G70/><T15/><D47/><U77/><E77/><V73/><F40/><W6/><G41/><T87/><D66/><U64/><E19/><V44/><F103/><W49/><G30/><T129/><D129/><U16/><E130/><V120/><F120/><W74/><G74/><T24/><D0/><U117/><E117/><N who="2" m="45163" /><F28/><W128/><G128/><T108/><D108/><U3/><E3/><V4/><F35/><W39/><G39/><T88/><D134/><U94/><E94/><V132/><F132/><W48/><G29/><T5/><D133/><U51/><E51/><AGARI ba="0,0" hai="5,8,15,18,23,24,51,53,58,68,69,87,88,92" machi="51" ten="30,5800,0" yaku="7,1,52,1,54,1" doraHai="91" who="0" fromWho="1" sc="244,58,176,-58,291,0,289,0" owari="302,40,118,-38,291,9,289,-11" /></mjloggm>