<mjloggm ver="2.3"><GO type="137" lobby="0"/><UN n0="%E7%95%99%E8%90%8C" n1="%4F%6E%65%54%69%6D%65" n2="%E3%81%AB%E3%81%BE%E3%81%84%E3%81%98%E3%81%9F" n3="%E3%82%A4%E3%82%BA%E3%83%8A%E3%83%8A%E3%82%BA%E3%83%8A%E3%83%A9%E3%83%96" dan="12,13,11,12" rate="1587.07,1786.80,1599.27,1774.24" sx="M,M,M,M"/><TAIKYOKU oya="0"/><INIT seed="0,0,0,3,1,90" ten="250,250,250,250" oya="0" hai0="16,119,30,70,117,110,73,37,69,133,10,118,101" hai1="2,99,54,20,129,58,115,57,105,40,15,120,67" hai2="116,29,42,106,35,109,65,132,36,56,9,87,72" hai3="94,127,63,77,32,26,3,21,23,46,55,7,31"/><T91/><D37/><U34/><E34/><V130/><F56/><W43/><G127/><T79/><D30/><U75/><E120/><V128/><F87/><W98/><G77/><T100/><D133/><U17/><E75/><V134/><F29/><W78/><G78/><T48/><D48/><U113/><E2/><V19/><F19/><W76/><G76/><T86/><D73/><U6/><E129/><V93/><F93/><W62/><G7/><T82/><D70/><U96/><E6/><V80/><F80/><W112/><G112/><N who="1" m="43082" /><E40/><V88/><F88/><W111/><G111/><T25/><D69/><U52/><E67/><V74/><F9/><W108/><G3/><T49/><D49/><N who="1" m="30863" /><E105/><V12/><F12/><W135/><G135/><T71/><D71/><U97/><E99/><V4/><F4/><W81/><G108/><T92/><D110/><U5/><E5/><V131/><F42/><W14/><G32/><T123/><D123/><U114/><N who="1" m="43090" /><U47/><DORA hai="11" /><E47/><V84/><F65/><W53/><G43/><T104/><D104/><U122/><E122/><V64/><F35/><W95/><G98/><N who="0" m="57631" /><D117/><U38/><E38/><V33/><F33/><W121/><G121/><T83/><D119/><U41/><E41/><V125/><F116/><W27/><G46/><T85/><D118/><U66/><E66/><V102/><F109/><W45/><G45/><T0/><D0/><U8/><E8/><V39/><F130/><W18/><G31/><T89/><D25/><U68/><E68/><V44/><F134/><W124/><G27/><T126/><D126/><RYUUKYOKU ba="0,0" sc="250,15,250,15,250,-15,250,-15" hai0="10,16,79,82,83,85,86,89,100,101" hai1="15,17,20,54,58,96,97" /><INIT seed="0,1,0,4,5,59" ten="265,265,235,235" oya="0" hai0="54,18,10,35,62,79,114,31,87,53,89,51,38" hai1="110,66,71,116,42,106,124,15,45,67,128,56,55" hai2="127,64,37,76,99,73,126,5,65,82,84,50,7" hai3="13,14,115,104,2,101,19,97,80,36,52,123,118"/><T121/><D121/><U63/><E106/><V39/><F99/><W135/><G118/><T26/><D38/><U125/><E116/><V98/><F98/><W96/><G123/><T60/><D114/><U134/><E110/><V29/><F84/><W48/><G36/><T69/><D69/><U103/><E103/><V22/><F22/><W117/><G117/><T86/><D79/><U16/><E128/><V83/><F76/><W88/><G135/><T12/><D87/><U112/><E71/><V85/><F85/><N who="3" m="50215" /><G2/><T40/><D40/><U77/><E77/><V94/><F94/><W0/><G0/><T91/><D91/><U17/><E134/><V49/><REACH who="2" step="1"/><F29/><REACH who="2" ten="265,265,225,235" step="2"/><W78/><G78/><T4/><D4/><U105/><E112/><V32/><F32/><W132/><G115/><T100/><D100/><U11/><E105/><V8/><F8/><N who="3" m="6567" /><G132/><T95/><D53/><U102/><E102/><V109/><F109/><W58/><G101/><T28/><D28/><U133/><E133/><V24/><F24/><W33/><G33/><T131/><D131/><U9/><E9/><V30/><F30/><W113/><G113/><T27/><D27/><U75/><E11/><V92/><F92/><W70/><G104/><T57/><AGARI ba="1,1" hai="10,12,18,26,31,35,51,54,57,60,62,86,89,95" machi="57" ten="20,7800,0" yaku="0,1,7,1,52,2" doraHai="59" who="0" fromWho="0" sc="265,91,265,-27,225,-27,235,-27" /><INIT seed="0,2,0,4,2,14" ten="356,238,198,208" oya="0" hai0="16,64,45,20,103,54,58,93,125,74,134,41,12" hai1="111,5,51,29,96,85,123,94,28,104,61,132,40" hai2="83,79,4,27,97,106,35,109,60,101,44,33,87" hai3="42,70,121,135,38,112,13,88,76,31,19,71,95"/><T117/><D117/><U62/><E123/><V113/><F109/><W105/><G105/><T55/><D74/><U3/><E111/><V77/><F113/><W133/><G112/><T128/><D128/><U7/><E132/><N who="3" m="50762" /><G31/><T107/><D134/><U30/><E104/><V21/><F4/><W100/><G76/><T131/><D131/><U8/><E7/><V130/><F130/><W57/><G100/><T72/><D72/><U73/><E73/><V127/><F127/><W18/><G121/><T50/><D125/><U126/><E126/><V89/><F44/><N who="3" m="23639" /><G13/><T68/><D107/><U98/><E85/><V52/><F35/><W91/><G57/><T66/><D68/><N who="3" m="26153" /><G91/><T11/><D103/><U48/><E98/><AGARI ba="2,0" hai="18,19,88,95,98" m="26153,23639,50762" machi="98" ten="30,7700,0" yaku="20,1,52,2,54,1" doraHai="14" who="3" fromWho="1" sc="356,0,238,-83,198,0,208,83" /><INIT seed="1,0,0,2,3,133" ten="356,155,198,291" oya="1" hai0="42,125,69,64,97,23,115,35,62,85,79,68,48" hai1="122,67,9,26,7,108,60,81,47,98,59,103,3" hai2="74,53,75,84,24,8,20,118,110,11,113,91,132" hai3="40,88,124,73,95,55,83,19,82,6,41,120,4"/><U43/><E122/><V99/><F113/><W38/><G120/><T1/><D115/><U102/><E108/><V31/><F118/><W116/><G116/><T56/><D35/><U78/><E26/><V128/><F110/><W111/><G111/><T2/><D125/><U0/><E98/><V54/><F132/><W58/><G124/><T76/><D97/><U119/><E119/><V16/><F128/><W96/><G38/><T94/><D23/><U49/><E0/><V15/><F75/><W101/><G19/><T22/><D22/><U63/><REACH who="1" step="1"/><E60/><REACH who="1" ten="356,145,198,291" step="2"/><V86/><F74/><AGARI ba="0,1" hai="3,7,9,43,47,49,59,63,67,74,78,81,102,103" machi="74" ten="30,11600,0" yaku="1,1,2,1,7,1,53,1" doraHai="133" doraHaiUra="106" who="1" fromWho="2" sc="356,0,145,126,198,-116,291,0" /><INIT seed="1,1,0,3,2,62" ten="356,271,82,291" oya="1" hai0="5,124,70,108,135,28,14,97,0,33,117,71,87" hai1="79,7,110,119,129,45,104,93,111,82,44,54,120" hai2="39,17,29,12,91,11,22,106,59,77,114,68,133" hai3="16,88,103,84,102,81,115,83,126,43,56,9,65"/><U116/><E120/><V8/><F106/><W35/><G35/><T100/><D117/><U92/><E7/><V53/><F39/><W66/><G115/><T125/><D108/><N who="1" m="41515" /><E54/><V132/><F114/><W23/><G43/><T20/><D33/><U19/><E104/><V131/><F77/><W25/><G126/><N who="0" m="48747" /><D135/><N who="2" m="51786" /><F68/><N who="0" m="26154" /><D87/><N who="1" m="48607" /><E129/><V42/><F42/><W26/><G83/><T96/><D0/><U24/><E24/><N who="2" m="16535" /><F131/><W27/><G9/><N who="0" m="4399" /><D100/><N who="3" m="38441" /><G56/><T127/><N who="0" m="48755" /><T52/><DORA hai="89" /><D52/><U34/><E34/><V3/><F3/><W123/><G123/><T6/><D6/><U47/><E19/><V69/><F69/><W31/><G31/><T94/><D94/><AGARI ba="1,0" hai="44,45,47,92,93,94,116,119" m="48607,41515" machi="94" ten="30,12000,1" yaku="14,1,10,1,52,3" doraHai="62,89" who="1" fromWho="0" sc="356,-123,271,123,82,0,291,0" /><INIT seed="1,2,0,2,5,28" ten="233,394,82,291" oya="1" hai0="102,123,106,107,84,14,98,134,16,60,66,15,58" hai1="8,116,114,29,95,133,51,45,125,76,20,25,131" hai2="40,132,17,110,59,64,50,87,61,43,63,129,115" hai3="10,2,127,24,82,80,77,69,41,135,70,32,71"/><U39/><E116/><V79/><F110/><W52/><G135/><T111/><D134/><U19/><E133/><V103/><F132/><W67/><G127/><T130/><D130/><U113/><E125/><V21/><F129/><W57/><G41/><T55/><D123/><U22/><E131/><V3/><F3/><W72/><G82/><T33/><D111/><U124/><E39/><V74/><F74/><W92/><G92/><T9/><D14/><U37/><E37/><V105/><F105/><W97/><G97/><T91/><D66/><U35/><E76/><V93/><F115/><W34/><G24/><T83/><REACH who="0" step="1"/><D33/><REACH who="0" ten="223,394,82,291" step="2"/><U23/><E35/><V65/><F50/><W99/><G67/><T68/><D68/><U62/><E114/><V46/><F46/><W119/><G119/><T53/><D53/><U42/><E113/><V86/><F86/><W73/><G73/><T13/><D13/><U4/><E124/><V31/><F31/><W48/><REACH who="3" step="1"/><G99/><REACH who="3" ten="223,394,82,281" step="2"/><T26/><D26/><U81/><E25/><N who="2" m="14511" /><F79/><W54/><G54/><T109/><D109/><U108/><E108/><V12/><F12/><W44/><G44/><T112/><D112/><U94/><E45/><V100/><F40/><W128/><G128/><T78/><D78/><U5/><E42/><V27/><F43/><W104/><G104/><AGARI ba="2,2" hai="9,15,16,55,58,60,83,84,91,98,102,104,106,107" machi="104" ten="30,7700,0" yaku="1,1,7,1,54,1,53,1" doraHai="28" doraHaiUra="85" who="0" fromWho="3" sc="223,103,394,0,82,0,281,-83" /><INIT seed="2,0,0,5,0,135" ten="326,394,82,198" oya="2" hai0="37,74,42,5,87,48,33,95,65,93,123,70,113" hai1="104,111,58,27,106,35,61,11,131,122,18,96,79" hai2="17,100,68,115,3,49,69,19,125,31,15,52,83" hai3="130,41,78,59,120,32,43,121,28,71,24,26,98"/><V90/><F3/><W56/><G130/><T76/><D74/><U4/><E131/><V117/><F117/><W88/><G71/><T22/><D33/><U34/><E111/><V75/><F115/><W89/><G78/><T105/><D123/><U97/><E79/><V108/><F108/><W14/><G14/><T62/><D105/><U57/><E61/><V91/><F31/><W25/><G25/><T44/><D5/><U133/><E27/><V55/><F100/><W9/><G9/><T40/><D113/><U102/><E102/><V63/><F63/><W54/><G54/><T23/><D22/><U92/><E92/><V12/><F83/><W129/><G129/><T109/><D23/><U128/><E128/><V50/><REACH who="2" step="1"/><F75/><REACH who="2" ten="326,394,72,198" step="2"/><W81/><G81/><T66/><D109/><U134/><E122/><V29/><F29/><W85/><G28/><T72/><D72/><U67/><E133/><V20/><F20/><W86/><REACH who="3" step="1"/><G32/><REACH who="3" ten="326,394,72,188" step="2"/><T126/><D70/><U36/><E35/><V132/><F132/><W112/><G112/><T1/><D1/><U21/><E34/><V118/><F118/><W84/><G84/><T60/><D60/><U47/><E134/><V116/><F116/><W45/><G45/><T127/><D44/><U124/><E47/><V77/><F77/><W110/><G110/><T99/><D62/><U7/><E7/><V103/><F103/><W119/><G119/><T114/><D114/><U107/><E4/><V46/><F46/><W101/><G101/><T82/><D76/><U10/><E107/><V73/><F73/><W6/><G6/><RYUUKYOKU ba="0,2" sc="326,-15,394,-15,72,15,188,15" hai2="12,15,17,19,49,50,52,55,68,69,90,91,125" hai3="24,26,41,43,56,59,85,86,88,89,98,120,121" /><INIT seed="2,1,2,0,1,100" ten="311,379,87,203" oya="2" hai0="84,107,91,71,79,78,44,81,42,105,28,127,24" hai1="99,58,135,126,22,117,11,118,77,124,33,55,72" hai2="50,67,61,93,128,123,14,26,10,114,21,31,29" hai3="86,111,65,35,101,66,60,39,3,112,13,34,87"/><V46/><F123/><W76/><G3/><T1/><D71/><U131/><E33/><V94/><F128/><W43/><G112/><T122/><D1/><U54/><E131/><V36/><F36/><W80/><G111/><T68/><D68/><U133/><E11/><V12/><F12/><W40/><G101/><T74/><D122/><U75/><E22/><V49/><F49/><W51/><G39/><T41/><D127/><U5/><E58/><V32/><F114/><W109/><G109/><T106/><D74/><U120/><E120/><V113/><F113/><W129/><G129/><T85/><D42/><U37/><E37/><V132/><F132/><W47/><G43/><T52/><D41/><U98/><E77/><V56/><F31/><W23/><G86/><T62/><D85/><U134/><E134/><V108/><F32/><W82/><G82/><T70/><D70/><U0/><E0/><V110/><F46/><W45/><G45/><T8/><D8/><U27/><E27/><V69/><F50/><W16/><REACH who="3" step="1"/><G66/><REACH who="3" ten="311,379,87,193" step="2"/><T25/><D44/><U90/><E133/><V130/><F110/><W95/><G95/><T97/><D81/><U96/><E135/><V6/><F130/><W102/><G102/><T121/><D121/><U89/><E99/><V64/><F108/><W115/><G115/><T9/><D97/><U57/><E98/><V7/><REACH who="2" step="1"/><F7/><REACH who="2" ten="311,379,77,193" step="2"/><W38/><G38/><T83/><D83/><U18/><E5/><V119/><F119/><W73/><G73/><T92/><D9/><U48/><E75/><V19/><F19/><W125/><G125/><RYUUKYOKU ba="1,4" sc="311,-15,379,-15,77,15,193,15" hai2="6,10,14,21,26,29,56,61,64,67,69,93,94" hai3="13,16,23,34,35,40,47,51,60,65,76,80,87" /><INIT seed="2,2,4,5,3,13" ten="296,364,92,208" oya="2" hai0="21,6,44,96,104,89,14,22,131,16,26,79,29" hai1="51,68,47,109,74,18,4,45,34,102,24,5,119" hai2="75,81,107,60,112,125,30,48,126,135,7,2,97" hai3="15,130,32,70,40,78,1,19,72,99,85,83,121"/><V46/><F30/><W17/><G1/><T62/><D79/><U82/><E119/><V113/><F135/><W123/><G32/><T128/><D62/><U37/><E37/><V65/><F2/><W129/><G70/><T43/><D104/><U84/><E68/><V57/><F7/><W106/><G40/><T115/><D115/><U66/><E66/><V118/><F118/><W36/><G36/><T52/><D6/><U87/><E109/><V116/><F116/><W86/><G15/><T88/><D96/><U11/><E5/><V25/><F25/><W80/><G72/><T132/><D132/><U33/><E102/><V76/><F97/><W134/><G134/><T8/><D8/><U39/><E39/><V117/><F107/><W20/><G20/><T42/><D42/><U92/><E74/><V108/><F108/><W94/><G106/><T77/><D77/><U90/><E4/><V53/><REACH who="2" step="1"/><F117/><REACH who="2" ten="296,364,82,208" step="2"/><W27/><G27/><T95/><D29/><U59/><E24/><V133/><F133/><W64/><G123/><T54/><D26/><U93/><E34/><V56/><F56/><W73/><G121/><T100/><D22/><U103/><E33/><V3/><F3/><W120/><G120/><T58/><D21/><U63/><E59/><V61/><F61/><W35/><G35/><T122/><D58/><U69/><E63/><V12/><F12/><W50/><G99/><T0/><D122/><U105/><E105/><V23/><F23/><W114/><G114/><AGARI ba="2,5" hai="46,48,53,57,60,65,75,76,81,112,113,114,125,126" machi="114" ten="40,12000,1" yaku="1,1,53,3" doraHai="13" doraHaiUra="111" who="2" fromWho="3" sc="296,0,364,0,82,176,208,-126" /><INIT seed="2,3,0,1,0,42" ten="296,364,258,82" oya="2" hai0="124,4,16,40,33,89,87,10,49,102,73,68,75" hai1="69,122,112,129,80,59,110,86,72,71,96,24,76" hai2="106,29,21,25,90,15,99,41,63,39,119,1,28" hai3="13,74,61,32,52,84,35,114,98,0,54,30,113"/><V88/><F119/><W26/><G0/><T17/><D68/><U116/><E116/><V85/><F1/><W126/><G74/><T93/><D33/><U132/><E112/><V60/><F29/><W101/><G35/><T37/><D37/><U34/><E110/><V46/><F15/><W135/><G135/><T92/><D124/><U44/><E132/><V62/><F106/><W43/><G126/><T12/><D73/><U128/><E122/><V121/><F121/><W81/><G43/><T134/><D75/><U95/><E59/><V67/><F99/><W109/><G13/><T79/><D79/><U100/><E72/><V91/><REACH who="2" step="1"/><F85/><REACH who="2" ten="296,364,248,82" step="2"/><W5/><G109/><T103/><D134/><U9/><E128/><V104/><F104/><N who="3" m="63543" /><G5/><T38/><D38/><U3/><E129/><V45/><F45/><W47/><G47/><N who="0" m="25831" /><D103/><U50/><E3/><V108/><F108/><W65/><G114/><T64/><D102/><U70/><E100/><V78/><F78/><N who="3" m="46135" /><G113/><T105/><D105/><U27/><E27/><V20/><F20/><W2/><G2/><T115/><D115/><U125/><E24/><V131/><F131/><W55/><G32/><T36/><D36/><U133/><E34/><V8/><F8/><W118/><G118/><T82/><D93/><U130/><E9/><V57/><AGARI ba="3,1" hai="21,25,28,39,41,46,57,60,62,63,67,88,90,91" machi="57" ten="30,12000,1" yaku="1,1,0,1,52,1,54,1,53,1" doraHai="42" doraHaiUra="18" who="2" fromWho="2" sc="296,-43,364,-43,248,139,82,-43" /><INIT seed="2,4,0,4,2,29" ten="253,321,387,39" oya="2" hai0="56,84,38,98,124,79,54,40,72,11,26,80,24" hai1="46,8,55,127,101,90,132,33,109,30,106,59,69" hai2="77,85,107,114,122,39,117,129,86,131,135,68,82" hai3="53,66,1,97,94,23,43,116,50,64,20,60,13"/><V111/><F86/><W73/><G1/><T19/><D124/><U89/><E127/><V70/><F85/><W21/><G116/><T119/><D72/><U108/><E132/><V112/><F82/><W18/><G73/><T74/><D74/><U115/><E115/><V57/><F57/><W125/><G125/><T118/><D98/><U87/><E46/><V42/><F42/><W83/><G83/><T0/><D0/><U49/><E69/><V36/><F77/><W31/><G43/><T7/><D38/><N who="2" m="14378" /><F107/><W16/><G31/><T2/><D40/><U75/><E75/><V104/><F104/><W110/><G110/><N who="1" m="42602" /><E8/><V5/><F5/><W128/><G128/><N who="2" m="49225" /><F111/><W81/><G81/><T78/><D78/><U65/><E65/><V102/><F102/><W3/><G3/><T28/><D19/><U113/><E113/><N who="2" m="43627" /><F135/><W15/><G21/><T91/><D79/><U103/><E87/><V76/><F76/><W95/><G97/><T47/><D47/><U100/><E106/><V52/><F52/><W93/><REACH who="3" step="1"/><G60/><REACH who="3" ten="253,321,387,29" step="2"/><T10/><D2/><U120/><E120/><V63/><F122/><W17/><G17/><T88/><D7/><U12/><E12/><V48/><F63/><W22/><G22/><T96/><D118/><U51/><E103/><V99/><F99/><W133/><G133/><T105/><D119/><U121/><E121/><V14/><F117/><W6/><G6/><T9/><D105/><U27/><E101/><V58/><F14/><W44/><AGARI ba="4,1" hai="13,15,16,18,20,23,44,50,53,64,66,93,94,95" machi="44" ten="30,8000,1" yaku="1,1,0,1,9,1,8,1,54,1,53,0" doraHai="29" doraHaiUra="37" who="3" fromWho="3" sc="253,-24,321,-24,387,-44,29,102" /><INIT seed="3,0,0,1,2,31" ten="229,297,343,131" oya="3" hai0="88,14,4,3,54,79,9,108,66,35,130,135,53" hai1="115,20,41,87,38,124,131,73,69,112,119,113,123" hai2="22,89,71,134,60,75,128,2,74,16,67,106,8" hai3="48,109,32,127,34,81,46,7,102,64,84,72,93"/><W52/><G109/><T95/><D79/><U39/><E20/><V0/><F106/><W116/><G116/><T122/><D122/><U63/><E87/><V17/><F134/><W76/><G127/><T86/><D66/><N who="1" m="41183" /><E123/><V51/><F128/><W44/><G64/><T50/><D130/><U58/><E131/><V80/><F75/><W40/><G7/><T121/><D121/><U68/><E73/><V27/><F51/><W99/><G72/><T90/><D135/><U83/><E83/><V29/><F29/><W13/><G13/><T57/><D108/><U12/><E12/><V30/><F30/><W25/><G25/><T19/><D90/><U107/><E107/><V37/><F37/><AGARI ba="0,0" hai="32,34,37,40,44,46,48,52,76,81,84,93,99,102" machi="37" ten="30,11600,0" yaku="7,1,52,2,54,1" doraHai="31" who="3" fromWho="2" sc="229,0,297,0,343,-116,131,116" /><INIT seed="3,1,0,3,4,63" ten="229,297,227,247" oya="3" hai0="123,108,74,17,65,39,116,4,130,27,124,73,135" hai1="88,7,100,9,24,101,35,92,3,107,25,82,54" hai2="128,6,104,133,23,22,36,80,95,31,56,34,15" hai3="41,29,45,13,51,12,85,50,42,72,125,110,134"/><W58/><G72/><T32/><D65/><U91/><E107/><V87/><F36/><W97/><G134/><T8/><D27/><U38/><E38/><V62/><F104/><W40/><G125/><T61/><D61/><U18/><E82/><V89/><F133/><W2/><G2/><T67/><D67/><U83/><E83/><V109/><F109/><W10/><G110/><T69/><D17/><U127/><E127/><V120/><F120/><W66/><G29/><T94/><D94/><U1/><E3/><V118/><F128/><W79/><G97/><T21/><D21/><U60/><E25/><V5/><F118/><W33/><G33/><T106/><D8/><U90/><E92/><V105/><F105/><W114/><G114/><T81/><D81/><U84/><E84/><V122/><F122/><W47/><G42/><T57/><D57/><U98/><E98/><V26/><F34/><W68/><G68/><T59/><D59/><U126/><E126/><V55/><F80/><N who="3" m="47263" /><G10/><T86/><D86/><U70/><E70/><V30/><F15/><N who="3" m="5707" /><G58/><T49/><D49/><U43/><E43/><V102/><REACH who="2" step="1"/><F102/><REACH who="2" ten="229,297,217,247" step="2"/><W53/><G53/><T20/><D20/><N who="1" m="13335" /><E35/><V96/><F96/><W46/><G46/><T37/><D4/><U44/><E101/><V48/><F48/><W11/><G50/><T52/><D39/><U76/><E100/><V131/><F131/><W93/><G51/><T64/><D52/><U113/><E54/><V0/><F0/><W71/><G47/><T16/><D64/><U117/><E44/><V19/><F19/><W121/><G45/><RYUUKYOKU ba="1,1" sc="229,-10,297,-10,217,30,247,-10" hai2="5,6,22,23,26,30,31,55,56,62,87,89,95" /><INIT seed="4,2,1,5,2,57" ten="219,287,247,237" oya="0" hai0="70,53,134,32,31,96,28,111,45,29,90,11,89" hai1="108,69,115,50,3,65,64,26,1,48,27,67,7" hai2="14,71,123,5,38,124,97,61,60,39,94,58,77" hai3="35,128,82,40,72,21,133,105,20,86,118,9,63"/><T66/><D32/><U76/><E108/><V131/><F123/><W95/><G118/><T98/><D11/><U42/><E69/><V62/><F131/><W122/><G128/><T55/><D111/><U80/><E115/><V129/><F129/><W88/><G105/><T116/><D116/><U114/><E114/><V93/><F124/><W51/><G35/><T43/><D134/><U113/><E113/><V22/><F77/><W87/><G133/><T110/><D110/><U8/><E1/><V81/><F81/><W10/><G72/><T119/><D119/><U4/><E7/><V78/><F78/><N who="3" m="46423" /><G63/><T52/><D70/><U103/><E103/><V127/><F127/><W25/><G21/><T34/><D34/><U117/><E117/><V126/><F126/><W46/><G122/><T23/><D23/><U109/><E109/><V56/><F71/><W106/><G106/><T99/><REACH who="0" step="1"/><D66/><REACH who="0" ten="209,287,247,237" step="2"/><U92/><E67/><V120/><F120/><W84/><G20/><T33/><D33/><U112/><E112/><V17/><F5/><W100/><G25/><T91/><D91/><U16/><E65/><V15/><F15/><W0/><G0/><T101/><D101/><U13/><E64/><V130/><F130/><W75/><G100/><T2/><D2/><U19/><E27/><V49/><F94/><W68/><G68/><T102/><D102/><U24/><E92/><V85/><F22/><W74/><G10/><T125/><D125/><U54/><E3/><V6/><F93/><N who="3" m="54407" /><G9/><T41/><D41/><U30/><E42/><V44/><F14/><W59/><G40/><RYUUKYOKU ba="2,2" sc="209,30,287,-10,247,-10,237,-10" hai0="28,29,31,43,45,52,53,55,89,90,96,98,99" /><INIT seed="4,3,2,0,0,75" ten="239,277,237,227" oya="0" hai0="33,10,79,9,106,128,39,112,72,88,101,23,53" hai1="108,107,15,57,82,1,116,77,89,63,70,113,13" hai2="43,84,115,62,68,16,46,95,12,71,56,122,134" hai3="96,17,114,6,127,59,124,25,130,64,65,24,80"/><T4/><D33/><U105/><E116/><V40/><F134/><W93/><G114/><T51/><D39/><U76/><E108/><V118/><F115/><W92/><G130/><T117/><D117/><U120/><E120/><V73/><F118/><W7/><G80/><T60/><D112/><U20/><E1/><V3/><F3/><W8/><G17/><T14/><D60/><U38/><E38/><V81/><F73/><W45/><G45/><T22/><D128/><U104/><E70/><V27/><F27/><W55/><G55/><T52/><D106/><U123/><E113/><V132/><F132/><W85/><G85/><T5/><D101/><U97/><E123/><V119/><F43/><W131/><G131/><T26/><D72/><U102/><E102/><V69/><F119/><W37/><G37/><T50/><D79/><U34/><E34/><V129/><F95/><W103/><G103/><T0/><D88/><U87/><E97/><V19/><F19/><W78/><G8/><T31/><REACH who="0" step="1"/><D23/><REACH who="0" ten="229,277,237,227" step="2"/><U126/><E20/><V35/><F129/><W41/><G78/><T44/><D44/><U121/><E121/><V67/><F35/><W91/><G91/><T47/><D47/><U61/><E61/><V48/><F122/><W109/><G109/><T49/><AGARI ba="3,3" hai="0,4,5,9,10,14,22,26,31,49,50,51,52,53" machi="49" ten="30,6000,0" yaku="1,1,0,1,54,1,53,0" doraHai="75" doraHaiUra="125" who="0" fromWho="0" sc="229,99,277,-23,237,-23,227,-23" /><INIT seed="4,4,0,4,0,18" ten="328,254,214,204" oya="0" hai0="22,81,115,65,79,112,95,120,114,133,66,63,36" hai1="56,62,80,122,0,125,100,55,135,76,123,96,111" hai2="130,4,35,30,28,41,47,109,117,34,9,59,19" hai3="110,105,61,84,86,74,11,134,17,69,21,43,60"/><T20/><D36/><U83/><E111/><V8/><F109/><W40/><G110/><T2/><D2/><U75/><E0/><V77/><F77/><W58/><G105/><T27/><D120/><U26/><E135/><V85/><F85/><W6/><G74/><N who="0" m="43255" /><D95/><U119/><E125/><V67/><F130/><W89/><G134/><T90/><D133/><U33/><E83/><V45/><F117/><W57/><G69/><T88/><D65/><U97/><E119/><V29/><F19/><W32/><G32/><T38/><D38/><U108/><E108/><V14/><F67/><W68/><G68/><N who="0" m="42079" /><D27/><U42/><E42/><V7/><F59/><W131/><G131/><T92/><D92/><U127/><E127/><V107/><F107/><W12/><G58/><T5/><D5/><U31/><REACH who="1" step="1"/><E97/><REACH who="1" ten="328,244,214,204" step="2"/><V49/><REACH who="2" step="1"/><F47/><REACH who="2" ten="328,244,204,204" step="2"/><W93/><G84/><T1/><D1/><AGARI ba="4,2" hai="1,4,7,8,9,14,28,29,30,34,35,41,45,49" machi="1" ten="40,2600,0" yaku="1,1,2,1,53,0" doraHai="18" doraHaiUra="71" who="2" fromWho="0" sc="328,-38,244,0,204,58,204,0" /><INIT seed="5,0,0,1,1,56" ten="290,244,262,204" oya="1" hai0="15,74,94,116,31,18,44,10,114,84,96,13,68" hai1="69,90,100,86,101,106,28,87,9,133,117,107,63" hai2="108,21,59,22,66,12,32,76,102,1,5,88,79" hai3="78,89,99,82,119,34,43,65,23,135,95,134,16"/><U62/><E117/><V129/><F108/><W17/><G119/><T53/><D74/><U26/><E69/><V7/><F129/><W75/><G34/><T42/><D116/><U40/><E40/><V132/><F132/><W6/><G6/><T83/><D68/><U71/><E133/><N who="3" m="50698" /><G43/><T122/><D122/><U112/><E112/><V14/><F32/><W109/><G109/><T38/><D31/><U103/><E71/><V0/><F102/><W33/><G33/><T85/><D114/><U115/><E115/><V61/><F88/><N who="3" m="55783" /><G65/><T11/><D53/><U64/><E64/><V98/><F98/><W58/><G58/><T3/><D3/><U41/><E41/><V97/><F97/><W45/><G45/><T80/><D38/><U37/><E37/><V25/><F66/><W125/><G89/><T47/><D42/><U93/><E9/><V24/><REACH who="2" step="1"/><F59/><REACH who="2" ten="290,244,252,204" step="2"/><W39/><G39/><T36/><D96/><N who="1" m="57399" /><E106/><V20/><F20/><W113/><G113/><T130/><D36/><U55/><E107/><V104/><F104/><W67/><G67/><T72/><D130/><U126/><E126/><V49/><F49/><W29/><G125/><T8/><D72/><U111/><E111/><V4/><F4/><W60/><G60/><AGARI ba="0,1" hai="0,1,5,7,12,14,21,22,24,25,60,61,76,79" machi="60" ten="25,8000,1" yaku="1,1,22,2,52,2,53,0" doraHai="56" doraHaiUra="121" who="2" fromWho="3" sc="290,0,244,0,252,90,204,-80" /><INIT seed="6,0,0,4,5,101" ten="290,244,342,124" oya="2" hai0="92,44,78,87,43,93,52,119,26,50,0,108,65" hai1="46,97,54,64,40,123,111,70,124,104,45,118,25" hai2="2,76,5,72,86,128,16,91,73,114,48,71,121" hai3="55,13,84,116,117,107,42,106,99,115,22,38,58"/><V20/><F121/><W47/><G84/><T130/><D0/><U68/><E111/><V39/><F39/><W7/><G99/><T134/><D108/><U131/><E118/><V29/><F29/><W10/><G22/><T95/><D65/><U98/><E123/><V60/><F128/><W132/><G132/><T74/><D134/><U94/><E131/><V27/><F2/><W82/><G82/><T63/><D130/><U127/><E25/><V33/><F5/><W80/><G80/><T59/><D119/><U51/><E94/><V112/><F33/><W79/><G79/><T120/><D120/><U1/><E1/><V37/><F37/><W36/><G36/><T23/><D74/><U110/><E110/><V122/><F122/><W35/><G35/><T100/><D100/><U11/><E11/><V6/><F6/><W28/><G28/><T31/><D78/><U9/><E9/><V75/><F48/><W66/><G66/><T19/><D31/><U85/><E85/><AGARI ba="0,0" hai="19,23,26,43,44,50,52,59,63,85,87,92,93,95" machi="85" ten="40,2600,0" yaku="8,1,54,1" doraHai="101" who="0" fromWho="1" sc="290,26,244,-26,342,0,124,0" /><INIT seed="7,0,0,3,4,70" ten="316,218,342,124" oya="3" hai0="13,135,52,101,107,37,42,11,103,7,121,28,65" hai1="34,132,19,122,56,15,9,14,102,3,39,96,90" hai2="118,57,35,33,130,109,105,31,81,123,25,74,50" hai3="133,82,38,94,12,85,128,16,112,68,60,69,108"/><W83/><G112/><T5/><D121/><U129/><E122/><V58/><F123/><W97/><G133/><T91/><D135/><U59/><E132/><V6/><F105/><W104/><G104/><T47/><D107/><U111/><E111/><V8/><F109/><W17/><G108/><T120/><D120/><U73/><E73/><V21/><F130/><W114/><G114/><T76/><D76/><U45/><E129/><V79/><F118/><W4/><G128/><T0/><D28/><U126/><E34/><V51/><F51/><W22/><G38/><T75/><D75/><U32/><E32/><V23/><F23/><W54/><G4/><T1/><D65/><U55/><E3/><V53/><REACH who="2" step="1"/><F58/><REACH who="2" ten="316,218,332,124" step="2"/><N who="3" m="34903" /><G68/><T86/><D37/><U84/><E39/><V40/><F40/><W2/><G69/><T89/><D42/><U66/><E66/><V44/><F44/><W113/><G113/><T48/><D47/><U30/><E126/><V36/><F36/><W62/><G2/><AGARI ba="0,1" hai="2,6,8,21,25,31,33,35,50,53,57,74,79,81" machi="2" ten="30,2000,0" yaku="1,1,7,1,53,0" doraHai="70" doraHaiUra="134" who="2" fromWho="3" sc="316,0,218,0,332,30,124,-20" owari="316,12,218,-18,362,46,104,-40" /></mjloggm>