<mjloggm ver="2.3"><GO type="137" lobby="0"/><UN n0="%73%61%69%73%6F%6E" n1="%E7%95%99%E8%90%8C" n2="%E3%83%A1%E3%83%B3%E3%83%98%E3%83%A9%34%31" n3="%E3%82%AA%E3%83%BC%E3%83%AB%E3%83%88%E3%81%AE%E9%9B%B2" dan="11,12,13,12" rate="1766.95,1593.63,1755.70,1741.14" sx="M,M,M,M"/><TAIKYOKU oya="0"/><INIT seed="0,0,0,5,1,59" ten="250,250,250,250" oya="0" hai0="14,45,21,41,46,18,87,24,4,54,115,10,95" hai1="43,72,58,100,78,52,11,124,86,89,55,61,118" hai2="97,25,134,81,88,49,69,26,63,105,44,107,0" hai3="48,123,50,17,29,127,96,62,31,80,40,122,2"/><T121/><D115/><U94/><E118/><V5/><F134/><W79/><G2/><T39/><D121/><U8/><E124/><V109/><F109/><W132/><G40/><T32/><D54/><U108/><E108/><V47/><F107/><W6/><G6/><T9/><D46/><U106/><E106/><V67/><F47/><W110/><G110/><T131/><D131/><U27/><E43/><V98/><F105/><W101/><G132/><T57/><D32/><U71/><E27/><V28/><F0/><W120/><G127/><T70/><D70/><U92/><E71/><V75/><F5/><W83/><G83/><T111/><D111/><U130/><E130/><V35/><F25/><W3/><G3/><T30/><D57/><U36/><E36/><V112/><F112/><W74/><G17/><T7/><D10/><U114/><E114/><V126/><F126/><W113/><G113/><T76/><REACH who="0" step="1"/><D95/><REACH who="0" ten="240,250,250,250" step="2"/><U37/><E55/><V128/><F128/><W23/><G23/><T15/><D15/><U1/><E92/><V129/><F129/><W125/><G125/><T116/><D116/><U34/><E8/><V51/><F44/><W91/><G123/><T20/><D20/><U64/><E11/><V38/><F38/><W60/><G122/><T22/><D22/><U135/><E34/><V117/><F117/><W33/><G33/><T90/><D90/><U56/><E89/><V13/><F88/><W19/><G91/><T119/><D119/><U93/><E94/><V73/><F13/><W99/><G120/><T85/><D85/><U84/><E84/><RYUUKYOKU ba="0,1" sc="240,30,250,-10,250,-10,250,-10" hai0="4,7,9,14,18,21,24,30,39,41,45,76,87" /><INIT seed="0,1,1,5,2,19" ten="270,240,240,240" oya="0" hai0="114,96,59,127,130,13,38,79,6,31,34,81,44" hai1="0,113,112,25,41,132,78,8,60,53,131,107,54" hai2="5,65,120,98,37,70,115,58,117,4,134,10,133" hai3="102,87,84,49,51,100,20,85,1,80,135,18,90"/><T75/><D114/><N who="1" m="44139" /><E107/><V39/><F115/><W45/><G1/><T122/><D122/><U63/><E78/><V7/><F58/><W76/><G135/><N who="2" m="51721" /><F98/><W71/><G71/><T14/><D130/><U91/><E132/><V42/><F10/><W12/><G51/><T30/><D38/><N who="2" m="14346" /><F70/><W55/><REACH who="3" step="1"/><G87/><REACH who="3" ten="270,240,240,230" step="2"/><T56/><D127/><U121/><E131/><V95/><F120/><W35/><G35/><T21/><D34/><U94/><E121/><V68/><F117/><W118/><G118/><T57/><D75/><U27/><E0/><V62/><F42/><W67/><G67/><T3/><D3/><U111/><E41/><V43/><F43/><W23/><G23/><T83/><D96/><N who="1" m="57439" /><E8/><V74/><F74/><W52/><G52/><N who="1" m="20074" /><E111/><V105/><F105/><W11/><G11/><T124/><D124/><U29/><E27/><V17/><F95/><AGARI ba="1,2" hai="12,18,20,45,49,55,76,80,84,85,90,95,100,102" machi="95" ten="30,7700,0" yaku="1,1,7,1,8,1,52,1,53,0" doraHai="19" doraHaiUra="69" who="3" fromWho="2" sc="270,0,240,0,240,-80,230,100" /><INIT seed="1,0,0,4,1,82" ten="270,240,160,330" oya="1" hai0="84,109,10,23,113,42,108,117,120,58,40,71,123" hai1="56,127,76,8,14,118,33,29,16,25,122,54,53" hai2="78,105,27,85,63,47,22,74,95,52,2,96,101" hai3="43,49,1,62,36,125,7,114,115,129,37,112,86"/><U39/><E122/><N who="0" m="46633" /><D71/><U20/><E118/><V65/><F2/><W38/><G1/><T26/><D10/><U18/><E39/><V3/><F3/><W128/><G7/><T106/><D106/><U130/><E76/><V133/><F133/><W32/><G32/><T99/><D99/><U60/><E54/><V80/><F65/><W93/><G62/><T94/><D117/><U31/><E127/><V83/><F83/><W72/><G72/><T45/><D58/><U67/><E130/><N who="3" m="50282" /><G49/><T12/><D12/><U116/><E116/><V59/><F47/><N who="3" m="24039" /><G125/><T70/><D70/><U17/><E53/><V50/><F50/><W75/><G75/><T48/><D40/><U66/><REACH who="1" step="1"/><E67/><REACH who="1" ten="270,230,160,330" step="2"/><V97/><F97/><W5/><G37/><T61/><D113/><U15/><E15/><V44/><F44/><W135/><G38/><T104/><D61/><U11/><E11/><V81/><F105/><W132/><G5/><T89/><D104/><U88/><E88/><AGARI ba="0,1" hai="86,88,93,112,114,115,132,135" m="24039,50282" machi="88" ten="40,5200,0" yaku="19,1,52,1,54,1" doraHai="82" who="3" fromWho="1" sc="270,0,230,-52,160,0,330,62" /><INIT seed="2,0,0,3,5,48" ten="270,178,160,392" oya="2" hai0="60,86,11,116,8,114,14,106,119,16,103,36,54" hai1="43,10,7,52,129,56,9,47,107,34,126,105,49" hai2="121,1,2,100,31,46,135,99,77,74,30,41,109" hai3="20,108,71,23,125,80,24,63,40,58,72,37,118"/><V57/><F121/><W4/><G71/><T0/><D36/><U68/><E34/><V94/><F74/><W79/><G118/><N who="0" m="45099" /><D114/><U26/><E68/><V45/><F77/><W59/><G125/><T98/><D86/><U38/><E126/><V21/><F135/><W91/><G4/><T66/><D66/><U134/><E134/><V13/><F109/><W67/><G37/><T12/><D0/><U19/><E129/><V113/><F113/><W82/><G40/><T110/><D110/><U18/><E105/><V55/><F2/><W96/><G108/><T3/><D3/><U17/><E107/><V112/><F1/><W127/><G127/><T132/><D132/><U101/><E101/><V53/><F112/><W50/><G82/><T117/><N who="0" m="45107" /><T6/><DORA hai="61" /><D60/><U33/><E33/><V133/><F133/><W128/><G128/><T44/><D44/><N who="2" m="17002" /><F57/><W51/><G96/><T69/><D69/><U42/><E42/><V27/><F41/><W85/><G23/><T70/><D70/><U83/><E83/><V5/><F31/><W122/><G122/><T92/><D106/><U64/><E64/><V75/><F75/><W115/><G80/><T81/><D81/><U123/><E123/><V78/><F78/><W89/><G85/><T84/><D84/><U124/><E124/><V65/><F65/><W76/><G67/><T97/><D97/><U130/><E130/><V87/><F87/><W39/><G72/><T29/><D29/><U15/><REACH who="1" step="1"/><E26/><REACH who="1" ten="270,168,160,392" step="2"/><V104/><F104/><W22/><G24/><T95/><D95/><U131/><E131/><RYUUKYOKU ba="0,1" sc="270,10,168,10,160,10,392,-30" hai0="6,8,11,12,14,16,54,92,98,103" hai1="7,9,10,15,17,18,19,38,43,47,49,52,56" hai2="5,13,21,27,30,53,55,94,99,100" /><INIT seed="2,1,1,4,5,113" ten="280,178,170,362" oya="2" hai0="1,74,118,21,99,77,63,115,64,24,124,70,15" hai1="66,18,29,109,108,129,10,22,80,128,71,103,91" hai2="132,57,61,133,100,95,40,60,54,35,28,6,86" hai3="75,16,45,25,39,33,90,67,47,106,130,94,65"/><V111/><F6/><W46/><G39/><T68/><D1/><U79/><E103/><V87/><F40/><W107/><G75/><T104/><D115/><U5/><E71/><V73/><F73/><W62/><G33/><T81/><D68/><U119/><E66/><V110/><F28/><W69/><G67/><T30/><D124/><U14/><E91/><V88/><F35/><W44/><G130/><N who="1" m="50282" /><E79/><V85/><F100/><W76/><G76/><T96/><D15/><N who="1" m="9567" /><E80/><V116/><F60/><W38/><G38/><T11/><D11/><U17/><E119/><V89/><F116/><W55/><G55/><T4/><D4/><U135/><E135/><N who="2" m="51787" /><F89/><W131/><G131/><T112/><D112/><U83/><E83/><V27/><F27/><W122/><G122/><T36/><D36/><U56/><E56/><V48/><F61/><W12/><G25/><T8/><D8/><U49/><E49/><V43/><F43/><W19/><G19/><T134/><D134/><U121/><E121/><V125/><F125/><W92/><G92/><T120/><D120/><U20/><E29/><V126/><F126/><W105/><G105/><T51/><D51/><U7/><E7/><V102/><F102/><W93/><G93/><T98/><REACH who="0" step="1"/><D104/><REACH who="0" ten="270,178,170,362" step="2"/><U123/><E123/><V101/><F101/><W50/><G107/><T31/><D31/><U82/><E82/><V23/><F23/><W117/><G106/><T13/><D13/><AGARI ba="1,2" hai="5,10,13,14,17,20,108,109" m="9567,50282" machi="13" ten="30,3900,0" yaku="19,1,34,2" doraHai="113" who="1" fromWho="0" sc="270,-42,178,62,170,0,362,0" /><INIT seed="3,0,0,1,3,40" ten="228,240,170,362" oya="3" hai0="84,70,121,134,98,75,111,4,86,9,92,63,108" hai1="26,10,41,59,51,17,7,30,64,56,50,61,71" hai2="23,125,58,22,88,93,123,42,37,28,100,39,130" hai3="112,5,133,55,68,35,101,57,16,131,107,135,102"/><W25/><G5/><T132/><D121/><U80/><E80/><V3/><F3/><W76/><G68/><T24/><D75/><U47/><E30/><V127/><F100/><W119/><G112/><T99/><D24/><U34/><E34/><V129/><F123/><W13/><G119/><T122/><D122/><U20/><REACH who="1" step="1"/><E51/><REACH who="1" ten="228,230,170,362" step="2"/><V124/><F28/><W94/><G35/><T78/><D70/><U0/><AGARI ba="0,1" hai="0,7,10,17,20,26,41,47,50,56,59,61,64,71" machi="0" ten="20,8000,1" yaku="1,1,2,1,0,1,7,1,52,1,53,0" doraHai="40" doraHaiUra="113" who="1" fromWho="1" sc="228,-20,230,90,170,-20,362,-40" /><INIT seed="4,0,0,4,3,120" ten="208,320,150,322" oya="0" hai0="1,21,58,45,85,122,46,69,123,97,53,114,37" hai1="72,63,110,101,108,59,107,0,77,7,48,10,61" hai2="128,81,29,83,41,12,44,50,118,56,18,34,86" hai3="125,126,132,94,47,60,111,15,103,20,27,2,40"/><T74/><D1/><U36/><E36/><V75/><F75/><W23/><G111/><T28/><D74/><U73/><E107/><V115/><F34/><W119/><G119/><T55/><D97/><U92/><E48/><V26/><F128/><W30/><G2/><T104/><D104/><U62/><E59/><V117/><F29/><W80/><G80/><T105/><D105/><U42/><E42/><V65/><F26/><W91/><G103/><T82/><D69/><U116/><E116/><N who="2" m="44651" /><F65/><W24/><G15/><T68/><D68/><U93/><E73/><V87/><F56/><W106/><G106/><T66/><D114/><U131/><E131/><V8/><F115/><W13/><G13/><T79/><D37/><U71/><E71/><V49/><F49/><W16/><G132/><T17/><D28/><U25/><E25/><V6/><F86/><W4/><G4/><T76/><D76/><U89/><E101/><V135/><F83/><W14/><G14/><N who="0" m="9399" /><D123/><U31/><E31/><V88/><F135/><W84/><REACH who="3" step="1"/><G60/><REACH who="3" ten="208,320,150,312" step="2"/><N who="0" m="38167" /><D122/><U98/><E92/><V35/><F35/><W3/><G3/><T121/><D121/><U11/><REACH who="1" step="1"/><E11/><REACH who="1" ten="208,310,150,312" step="2"/><V5/><AGARI ba="0,2" hai="5,6,8,12,18,41,44,50,81,87,88" m="44651" machi="5" ten="30,2000,0" yaku="12,1,54,1" doraHai="120" who="2" fromWho="2" sc="208,-10,310,-5,150,40,312,-5" /><INIT seed="5,0,0,5,0,120" ten="198,305,190,307" oya="1" hai0="60,49,84,90,71,22,77,134,107,78,6,104,40" hai1="28,69,91,39,123,116,105,100,68,53,21,65,108" hai2="117,10,32,129,48,109,57,43,83,34,89,14,54" hai3="41,79,106,70,67,132,58,93,122,0,11,15,131"/><U112/><E116/><V135/><F109/><W119/><G0/><T114/><D6/><U29/><E123/><V80/><F129/><W118/><G70/><T50/><D71/><U25/><E29/><V16/><F135/><W44/><G106/><T19/><D60/><U64/><E39/><V31/><F117/><N who="3" m="44555" /><G122/><T17/><D40/><U113/><E53/><V73/><F73/><W101/><G79/><T76/><D134/><U2/><E2/><V7/><F31/><W99/><G132/><T38/><D114/><N who="1" m="44139" /><E108/><V52/><F43/><W55/><G67/><N who="1" m="25674" /><E91/><V13/><F32/><W3/><G3/><T33/><D38/><U8/><E8/><V124/><F124/><W56/><G55/><T87/><D22/><U9/><E9/><V12/><F34/><W42/><G131/><T45/><D45/><U115/><N who="1" m="44147" /><U133/><DORA hai="63" /><E133/><V125/><F125/><W111/><G111/><T92/><D33/><U18/><E28/><V47/><F7/><N who="3" m="3583" /><G42/><T37/><D37/><AGARI ba="0,0" hai="37,41,44,56,58,93,99,101" m="3583,44555" machi="37" ten="30,1000,0" yaku="12,1" doraHai="120,63" who="3" fromWho="0" sc="198,-10,305,0,190,0,307,10" /><INIT seed="6,0,0,1,5,88" ten="188,305,190,317" oya="2" hai0="66,48,133,3,81,105,82,61,42,22,44,4,111" hai1="128,12,115,31,89,17,124,132,54,45,71,23,106" hai2="127,110,41,102,120,59,11,113,94,32,69,108,7" hai3="13,16,118,21,77,93,74,79,75,6,40,51,33"/><V58/><F69/><W27/><G33/><T10/><D133/><U64/><E132/><V52/><F32/><W29/><G118/><T38/><D105/><U19/><E128/><V70/><F41/><W126/><G126/><T34/><D34/><U76/><E124/><V43/><F43/><W90/><G6/><T116/><D111/><N who="2" m="42538" /><F70/><W96/><G75/><T53/><D22/><U28/><E106/><V30/><F30/><W123/><G74/><T129/><D129/><U85/><E115/><V95/><F127/><W135/><G135/><T134/><D116/><U122/><E122/><V100/><F59/><W68/><G68/><T72/><D134/><U14/><E76/><V39/><F113/><W2/><G2/><T78/><D82/><N who="1" m="49335" /><E71/><V83/><F83/><W117/><G117/><T56/><REACH who="0" step="1"/><D61/><REACH who="0" ten="178,305,190,317" step="2"/><U73/><E64/><AGARI ba="0,1" hai="3,4,10,38,42,44,48,53,56,64,66,72,78,81" machi="64" ten="40,12000,2" yaku="1,1,2,1,25,2,53,2" doraHai="88" doraHaiUra="60" who="0" fromWho="1" sc="178,130,305,-120,190,0,317,0" /><INIT seed="7,0,0,1,2,55" ten="308,185,190,317" oya="3" hai0="115,111,71,93,109,7,98,105,58,11,33,72,134" hai1="46,86,2,3,79,76,66,14,34,50,57,70,97" hai2="65,84,108,40,91,41,129,49,21,42,30,18,73" hai3="60,43,132,68,63,133,1,31,94,28,47,52,44"/><W38/><G1/><T4/><D72/><U74/><E70/><V54/><F73/><W25/><G68/><T24/><D105/><U90/><E34/><V114/><F30/><N who="3" m="11307" /><G25/><T26/><D33/><U119/><E119/><V48/><F108/><W123/><G123/><T37/><D71/><U107/><E14/><V124/><F124/><W53/><G94/><T22/><D37/><U61/><E74/><V83/><F129/><W36/><G36/><T116/><D134/><N who="3" m="51817" /><G47/><T82/><D116/><U117/><E117/><V128/><F65/><W51/><G51/><T100/><D115/><U135/><E135/><V112/><F128/><W17/><G17/><N who="0" m="12367" /><D26/><U99/><E2/><V113/><F54/><AGARI ba="0,0" hai="38,43,44,52,53,54,60,63" m="51817,11307" machi="54" ten="30,2900,0" yaku="20,1,54,1" doraHai="55" who="3" fromWho="2" sc="308,0,185,0,190,-29,317,29" owari="308,11,185,-21,161,-34,346,44" /></mjloggm>