<mjloggm ver="2.3"><GO type="137" lobby="0"/><UN n0="%E6%BC%86%E9%BB%92%E3%81%AE%E3%83%94%E3%83%A5%E3%83%BC%E3%83%9E" n1="%44%56%2D%44%48%32%35%30" n2="%6B%2E%7A" n3="%E7%95%99%E8%90%8C" dan="10,13,11,12" rate="1333.81,1693.40,1570.15,1587.22" sx="M,M,M,M"/><TAIKYOKU oya="0"/><INIT seed="0,0,0,4,2,17" ten="250,250,250,250" oya="0" hai0="96,59,102,99,0,83,29,77,27,47,67,93,117" hai1="127,6,87,101,132,88,97,120,82,30,98,130,16" hai2="94,13,54,76,10,79,122,86,35,103,60,72,128" hai3="7,80,31,33,5,124,90,26,22,129,71,19,32"/><T113/><D113/><U134/><E120/><V108/><F72/><W118/><G71/><T45/><D0/><U116/><E116/><V135/><F122/><W20/><G118/><T12/><D117/><U58/><E6/><N who="3" m="2058" /><G80/><T104/><D12/><U63/><E130/><V73/><F73/><W105/><G105/><T28/><D28/><U48/><E48/><V121/><F121/><W40/><G40/><T133/><D133/><N who="1" m="51307" /><E30/><V89/><F35/><N who="3" m="13387" /><G90/><T65/><D65/><N who="1" m="39159" /><E127/><V52/><F128/><W46/><G129/><T15/><D15/><U51/><E51/><V55/><F103/><W92/><G46/><T125/><D125/><U14/><E101/><V78/><F108/><W62/><G92/><T84/><D67/><U18/><E18/><N who="2" m="8503" /><F135/><W69/><G69/><T4/><D4/><U66/><E66/><V114/><F114/><W9/><G62/><AGARI ba="0,0" hai="52,54,55,60,62,76,78,79,86,89,94" m="8503" machi="62" ten="30,2000,0" yaku="8,1,54,1" doraHai="17" who="2" fromWho="3" sc="250,0,250,0,250,20,250,-20" /><INIT seed="1,0,0,3,5,7" ten="250,250,270,230" oya="1" hai0="102,14,9,132,13,50,25,98,5,44,40,18,113" hai1="30,42,1,31,66,3,67,32,57,77,119,36,16" hai2="127,89,131,96,74,58,11,28,123,116,122,82,112" hai3="21,120,70,108,76,51,75,78,26,37,45,105,104"/><U10/><E119/><V68/><F68/><W29/><G120/><T103/><D132/><U34/><E77/><V61/><F28/><W12/><G37/><T130/><D130/><U4/><E57/><V106/><F116/><W125/><G70/><T95/><D113/><U90/><E90/><V60/><F74/><W101/><G125/><T118/><D118/><U53/><E53/><V59/><F106/><W35/><G108/><T64/><D64/><U43/><E36/><V55/><F112/><W41/><G101/><T84/><D84/><U111/><E4/><V81/><F127/><W72/><G35/><T133/><D133/><U107/><E107/><V83/><F131/><W46/><G12/><T27/><REACH who="0" step="1"/><D103/><REACH who="0" ten="240,250,270,230" step="2"/><U115/><E115/><V88/><F122/><W17/><G104/><T15/><D15/><U19/><E111/><V129/><F123/><W69/><G105/><T87/><D87/><U52/><REACH who="1" step="1"/><E52/><REACH who="1" ten="240,240,270,230" step="2"/><N who="2" m="33863" /><F129/><W33/><G69/><T54/><D54/><U94/><E94/><N who="2" m="56391" /><F89/><W80/><G72/><T124/><D124/><U92/><E92/><V85/><F85/><W62/><G75/><T109/><D109/><U97/><E97/><V39/><F39/><W114/><G114/><T73/><D73/><U6/><E6/><V121/><F121/><W8/><G33/><T0/><D0/><U93/><E93/><V91/><F91/><W48/><G76/><T117/><D117/><U63/><E63/><V20/><F20/><AGARI ba="0,2" hai="5,9,13,14,18,20,25,27,40,44,50,95,98,102" machi="20" ten="30,7700,0" yaku="1,1,7,1,8,1,52,1,53,0" doraHai="7" doraHaiUra="128" who="0" fromWho="2" sc="240,97,240,0,270,-77,230,0" /><INIT seed="2,0,0,5,2,48" ten="337,240,193,230" oya="2" hai0="0,30,74,17,15,29,57,85,131,133,117,125,100" hai1="32,95,22,99,77,37,111,31,50,102,126,121,81" hai2="33,71,55,6,27,78,94,134,105,51,13,120,106" hai3="116,18,123,69,109,58,4,61,118,46,68,45,64"/><V112/><F33/><W23/><G4/><T28/><D74/><U104/><E37/><V103/><F71/><N who="3" m="27211" /><G18/><T53/><D125/><U38/><E38/><V16/><F106/><W49/><G23/><T101/><D131/><U96/><E111/><V35/><F105/><W73/><G73/><T39/><D39/><U26/><E50/><V129/><F35/><W7/><G7/><T47/><D133/><U124/><E121/><V135/><F120/><W91/><G91/><T3/><D117/><N who="3" m="45161" /><G123/><T70/><D70/><U75/><REACH who="1" step="1"/><E32/><REACH who="1" ten="337,230,193,230" step="2"/><V98/><F78/><W86/><G109/><T34/><D34/><U9/><E9/><N who="2" m="4279" /><F129/><W76/><G49/><T14/><D47/><U67/><E67/><V52/><F51/><W1/><G64/><T54/><D57/><U56/><E56/><V92/><F112/><W42/><G58/><T60/><D60/><U107/><E107/><V82/><F82/><W36/><G61/><T110/><D110/><U114/><E114/><V59/><F59/><W43/><G36/><T122/><D122/><U40/><E40/><N who="3" m="15402" /><G1/><T21/><D28/><U24/><E24/><V66/><F66/><W119/><G119/><T5/><D5/><U132/><E132/><N who="2" m="50731" /><F94/><W20/><G20/><AGARI ba="0,1" hai="16,20,27,52,55,92,98,103" m="50731,4279" machi="20" ten="30,12000,1" yaku="20,1,52,2,54,2" doraHai="48" who="2" fromWho="3" sc="337,0,230,0,193,130,230,-120" /><INIT seed="2,1,0,3,2,114" ten="337,230,323,110" oya="2" hai0="57,120,41,91,84,66,113,15,32,92,26,61,14" hai1="78,55,27,90,118,76,51,103,17,115,40,37,67" hai2="31,28,105,59,23,110,69,75,79,64,58,21,126" hai3="82,108,39,8,130,88,87,109,70,97,34,36,1"/><V3/><F105/><W47/><G70/><T65/><D113/><U2/><E115/><V4/><F69/><W121/><G34/><T98/><D120/><U111/><E2/><V135/><F75/><W49/><G121/><T9/><D32/><U124/><E111/><N who="3" m="42570" /><G130/><T38/><D38/><N who="3" m="14377" /><G97/><T95/><D41/><U86/><E67/><V68/><F68/><W133/><G133/><T7/><D15/><U77/><E124/><V71/><F71/><W93/><G1/><T60/><D26/><U123/><E123/><V134/><F3/><W83/><G8/><T94/><REACH who="0" step="1"/><D98/><REACH who="0" ten="327,230,323,110" step="2"/><U54/><E37/><V42/><F110/><W45/><G45/><T25/><D25/><U30/><E40/><AGARI ba="1,1" hai="40,47,49,82,83,87,88,93" m="14377,42570" machi="40" ten="30,2000,0" yaku="14,1,54,1" doraHai="114" who="3" fromWho="1" sc="327,0,230,-23,323,0,110,33" /><INIT seed="3,0,0,2,3,118" ten="327,207,323,143" oya="3" hai0="119,33,69,91,88,30,64,14,101,25,99,130,13" hai1="3,112,67,95,124,93,71,85,70,84,98,89,22" hai2="110,31,105,62,48,106,122,86,90,26,32,63,53" hai3="44,120,126,45,107,28,94,27,4,57,50,24,49"/><W2/><G120/><T10/><D130/><U5/><E112/><V80/><F110/><W103/><G107/><T87/><D119/><U18/><E124/><V111/><F111/><W60/><G126/><T66/><D66/><U113/><E113/><V108/><F108/><W96/><G2/><T109/><D109/><U117/><E117/><V47/><REACH who="2" step="1"/><F122/><REACH who="2" ten="327,207,313,143" step="2"/><W0/><G0/><T115/><D115/><U38/><E38/><V40/><F40/><W61/><G4/><T20/><D10/><U59/><E5/><V39/><F39/><W134/><G134/><T52/><D20/><U123/><E123/><V36/><F36/><W7/><G7/><T75/><D75/><U121/><E121/><V73/><F73/><W78/><G78/><T12/><D87/><U54/><E3/><V132/><F132/><W114/><G114/><T72/><D72/><U43/><E43/><V35/><F35/><W37/><G37/><T97/><D97/><U19/><E18/><V34/><F34/><W65/><G60/><AGARI ba="0,1" hai="26,31,32,47,48,53,60,62,63,80,86,90,105,106" machi="60" ten="40,1300,0" yaku="1,1,53,0" doraHai="118" doraHaiUra="68" who="2" fromWho="3" sc="327,0,207,0,313,23,143,-13" /><INIT seed="4,0,0,1,5,125" ten="327,207,336,130" oya="0" hai0="98,83,1,3,104,56,128,93,51,102,131,118,66" hai1="9,116,73,109,78,13,65,75,8,111,29,30,112" hai2="99,10,55,89,82,135,94,57,47,133,100,12,86" hai3="95,58,33,91,28,6,74,60,4,101,59,17,41"/><T129/><D118/><U108/><E65/><V42/><F133/><W134/><G74/><N who="1" m="28170" /><E116/><V88/><F135/><W18/><G41/><T76/><D93/><U45/><E78/><V68/><F68/><W24/><G134/><T106/><D106/><U11/><E13/><V43/><F47/><W61/><G101/><T79/><D79/><U114/><E45/><V127/><F127/><W63/><G4/><T122/><D122/><U64/><E64/><V124/><F124/><W37/><G37/><T81/><D81/><U90/><E90/><V67/><F67/><W121/><G121/><T107/><D107/><U2/><E2/><V119/><F119/><W7/><G6/><T84/><D51/><U123/><E123/><V132/><F132/><W21/><G7/><T130/><N who="0" m="32768" /><DORA hai="87" /><T19/><D19/><N who="3" m="7177" /><G33/><T14/><D14/><U38/><E38/><V15/><F100/><W25/><G25/><T32/><D32/><U44/><E44/><V97/><F97/><AGARI ba="0,0" hai="21,24,28,58,59,60,61,63,91,95,97" m="7177" machi="97" ten="30,2000,0" yaku="8,1,52,1" doraHai="125,87" who="3" fromWho="2" sc="327,0,207,0,336,-20,130,20" /><INIT seed="5,0,0,1,2,6" ten="327,207,316,150" oya="1" hai0="37,3,30,10,57,123,48,97,36,13,99,12,17" hai1="52,62,1,24,96,69,58,132,22,20,74,61,82" hai2="91,55,108,103,84,83,42,21,111,9,135,95,124" hai3="27,128,104,107,41,114,88,102,80,16,73,77,53"/><U134/><E1/><V11/><F21/><W106/><G114/><T127/><D3/><U49/><E96/><V112/><F42/><W54/><G41/><T92/><D36/><U101/><E101/><V65/><F65/><W2/><G2/><T43/><D37/><U86/><E74/><V93/><F112/><W120/><G120/><T7/><D127/><U31/><E69/><V5/><F108/><W63/><G128/><T115/><D115/><U70/><E22/><V113/><F111/><W64/><G102/><T29/><D99/><U33/><E33/><V98/><F5/><W109/><G109/><T78/><D78/><U90/><REACH who="1" step="1"/><E70/><REACH who="1" ten="327,197,316,150" step="2"/><V131/><F113/><W38/><G107/><T26/><D123/><U32/><E32/><V121/><F131/><W85/><G38/><T25/><D26/><U47/><E47/><V100/><F121/><W126/><G126/><T71/><D71/><U45/><E45/><V110/><F124/><W79/><G106/><T23/><D25/><U44/><E44/><V76/><F110/><W39/><G39/><T87/><D87/><U14/><E14/><V19/><F135/><AGARI ba="0,1" hai="20,24,31,49,52,58,61,62,82,86,90,132,134,135" machi="135" ten="40,7700,0" yaku="1,1,20,1,54,1,53,0" doraHai="6" doraHaiUra="94" who="1" fromWho="2" sc="327,0,197,87,316,-77,150,0" /><INIT seed="5,1,0,4,0,71" ten="327,284,239,150" oya="1" hai0="101,54,119,59,82,25,40,62,31,27,4,45,77" hai1="69,20,21,73,131,121,122,23,105,114,104,32,99" hai2="16,13,39,28,97,120,84,107,74,36,11,9,17" hai3="47,117,103,43,2,130,92,0,63,38,72,98,66"/><U125/><E69/><V8/><F74/><W18/><G72/><T10/><D119/><U88/><E73/><V90/><F120/><W49/><G117/><T135/><D135/><U48/><E32/><V81/><F107/><W53/><G130/><T128/><D128/><U3/><E131/><V116/><F116/><W96/><G98/><T42/><D42/><U126/><E3/><V61/><F28/><W30/><G18/><T22/><D101/><U87/><E48/><V108/><F108/><W80/><G30/><T33/><D33/><U51/><E51/><V134/><F134/><W111/><G80/><T44/><D44/><U83/><E114/><V89/><F61/><W56/><REACH who="3" step="1"/><G111/><REACH who="3" ten="327,284,239,140" step="2"/><T79/><D82/><U118/><E118/><V100/><F100/><W46/><AGARI ba="1,1" hai="0,2,38,43,46,47,49,53,56,63,66,92,96,103" machi="46" ten="20,12000,2" yaku="1,1,2,1,0,1,7,1,52,1,53,1" doraHai="71" doraHaiUra="58" who="3" fromWho="3" sc="327,-31,284,-61,239,-31,140,133" /><INIT seed="6,0,0,1,4,112" ten="296,223,208,273" oya="2" hai0="80,59,37,23,34,89,86,124,106,85,75,82,70" hai1="9,35,93,47,30,4,132,110,76,130,115,122,50" hai2="99,7,65,56,39,3,78,74,66,2,36,134,97" hai3="92,90,15,22,73,119,123,69,111,98,62,126,1"/><V71/><F78/><W121/><G111/><T60/><D106/><U11/><E110/><V28/><F28/><W107/><G73/><T129/><D75/><U45/><E115/><V128/><F74/><W133/><G1/><T101/><D70/><U94/><E122/><V117/><F7/><W135/><G121/><T10/><D34/><U61/><E61/><V109/><F71/><W49/><G123/><T33/><D33/><U29/><E76/><V18/><F109/><W25/><G49/><T96/><D37/><U81/><E35/><V68/><F68/><W108/><G108/><T38/><D38/><U43/><E81/><V54/><F18/><W84/><G15/><T72/><D72/><U40/><E4/><V104/><F54/><W58/><G69/><T87/><D129/><U64/><E130/><V102/><F128/><W51/><G51/><T105/><D124/><U17/><E17/><V91/><F104/><W79/><G79/><T24/><D10/><U41/><E41/><V118/><F102/><W21/><G107/><T42/><D42/><U27/><E50/><V57/><F91/><W48/><G48/><T113/><D113/><U53/><E53/><V83/><F134/><N who="3" m="51211" /><G126/><T67/><D82/><AGARI ba="0,0" hai="2,3,36,39,56,57,65,66,82,83,97,99,117,118" machi="82" ten="25,9600,0" yaku="22,2,52,2" doraHai="112" who="2" fromWho="0" sc="296,-96,223,0,208,96,273,0" /><INIT seed="6,1,0,5,5,58" ten="200,223,304,273" oya="2" hai0="54,85,116,36,21,30,29,59,104,53,108,89,121" hai1="65,105,60,93,101,68,16,45,57,71,55,74,82" hai2="24,124,41,26,86,78,87,10,119,133,15,25,103" hai3="31,27,14,125,38,33,128,22,76,64,56,20,69"/><V107/><F119/><W35/><G38/><T110/><D36/><U127/><E105/><V117/><F117/><W129/><G69/><T113/><D104/><U98/><E127/><V81/><F107/><W63/><G76/><T66/><D110/><U51/><E74/><V2/><F2/><W43/><G43/><T44/><D108/><U120/><E120/><V122/><F124/><W135/><G125/><T114/><D116/><U92/><E82/><V67/><F133/><W6/><G135/><T100/><D114/><U4/><E4/><N who="2" m="3527" /><F122/><W80/><G80/><T90/><D113/><U19/><E93/><V118/><F118/><W73/><G73/><T95/><D100/><U130/><E130/><N who="3" m="50282" /><G6/><T12/><D121/><U79/><E79/><N who="2" m="46399" /><F41/><W3/><G3/><T42/><D42/><U9/><E19/><AGARI ba="1,0" hai="14,19,20,22,27,31,33,35,56,63,64" m="50282" machi="19" ten="30,2000,0" yaku="19,1,52,1" doraHai="58" who="3" fromWho="1" sc="200,0,223,-23,304,0,273,23" /><INIT seed="7,0,0,2,1,55" ten="200,200,304,296" oya="3" hai0="98,132,42,96,25,35,22,68,125,67,89,37,114" hai1="39,59,46,107,72,86,109,99,112,0,90,65,61" hai2="7,79,5,16,23,113,108,36,117,50,100,119,17" hai3="87,33,122,32,1,91,95,47,43,102,30,63,53"/><W130/><G122/><T120/><D120/><U52/><E109/><V3/><F36/><W62/><G1/><T71/><D35/><U94/><E72/><V66/><F79/><W93/><G130/><T121/><D121/><U27/><E0/><V14/><F100/><W123/><G123/><T26/><D132/><U85/><E112/><V6/><F50/><W4/><G4/><N who="2" m="1641" /><F66/><W58/><G33/><T75/><D125/><U78/><E78/><V77/><F77/><W18/><G32/><T20/><D75/><U29/><E107/><V54/><F54/><W57/><G30/><T41/><D37/><U126/><E126/><V10/><F113/><W106/><G106/><T82/><D82/><U92/><E92/><V129/><F129/><W74/><G74/><T110/><D114/><U81/><E81/><V116/><F108/><W38/><G18/><AGARI ba="0,0" hai="3,7,10,14,16,17,18,23,116,117,119" m="1641" machi="18" ten="40,5200,0" yaku="34,2,54,1" doraHai="55" who="2" fromWho="3" sc="200,0,200,0,304,52,296,-52" owari="200,-20,200,-30,356,46,244,4" /></mjloggm>