<mjloggm ver="2.3"><GO type="137" lobby="0"/><UN n0="%73%6F%72%61%73%69" n1="%63%6F%6E%75%6C%61" n2="%6E%69%63%6F%72%75" n3="%E7%95%99%E8%90%8C" dan="12,13,13,12" rate="1769.18,1780.89,1723.98,1592.40" sx="M,M,M,M"/><TAIKYOKU oya="0"/><INIT seed="0,0,0,5,0,51" ten="250,250,250,250" oya="0" hai0="84,32,102,66,88,100,56,41,63,23,18,67,113" hai1="119,25,121,92,37,0,122,68,133,120,112,105,81" hai2="60,50,8,21,96,125,30,19,114,28,106,87,116" hai3="104,61,13,33,1,52,132,80,24,76,72,43,45"/><T126/><D113/><U69/><E92/><V9/><F116/><W22/><G104/><T42/><D32/><U26/><E26/><V124/><F114/><W64/><G1/><T89/><D126/><N who="2" m="48746" /><F106/><W38/><G132/><T103/><D66/><U101/><E25/><V111/><F111/><W130/><G130/><T55/><D67/><U53/><E53/><V2/><F2/><W71/><G33/><T73/><D73/><U7/><E81/><V35/><F35/><W128/><G128/><T31/><D31/><N who="2" m="11818" /><F60/><W57/><G13/><N who="0" m="9679" /><D89/><U93/><E93/><AGARI ba="0,0" hai="41,42,55,56,63,84,88,93,100,102,103" m="9679" machi="93" ten="30,5800,0" yaku="8,1,52,1,54,1" doraHai="51" who="0" fromWho="1" sc="250,58,250,-58,250,0,250,0" /><INIT seed="0,1,0,0,3,21" ten="308,192,250,250" oya="0" hai0="49,41,86,116,33,91,59,64,45,78,99,40,93" hai1="27,79,132,53,95,127,31,120,6,60,104,121,38" hai2="57,71,30,88,47,101,126,2,129,55,8,54,92" hai3="87,23,39,11,5,62,102,97,58,28,114,48,69"/><T134/><D116/><U84/><E104/><V3/><F71/><W65/><G39/><T112/><D112/><U123/><E38/><V118/><F118/><W44/><G114/><T32/><D134/><U37/><E37/><V94/><F129/><W52/><G87/><T26/><D41/><U50/><E6/><V22/><F126/><W10/><G28/><T125/><D125/><U82/><E127/><V74/><F74/><W20/><G69/><T19/><D64/><U96/><E132/><V77/><F77/><W128/><G128/><T15/><D59/><U7/><E7/><V66/><F3/><W130/><G130/><T122/><D122/><U29/><E60/><N who="2" m="38159" /><F2/><W17/><G20/><T107/><D26/><U18/><E18/><V9/><F47/><W109/><G109/><T1/><D1/><U42/><E42/><V85/><F101/><W67/><G67/><T24/><D24/><U35/><E29/><V70/><F70/><W25/><REACH who="3" step="1"/><G5/><REACH who="3" ten="308,192,250,240" step="2"/><T119/><D119/><U12/><E12/><V81/><F30/><W105/><AGARI ba="1,1" hai="10,11,17,23,25,44,48,52,58,62,65,97,102,105" machi="105" ten="20,12000,2" yaku="1,1,2,1,0,1,7,1,52,1,54,1,53,0" doraHai="21" doraHaiUra="34" who="3" fromWho="3" sc="308,-61,192,-31,250,-31,240,133" /><INIT seed="1,0,0,4,4,80" ten="247,161,219,373" oya="1" hai0="30,95,115,40,59,114,67,12,25,74,22,20,108" hai1="56,18,1,125,89,76,52,112,72,60,123,14,120" hai2="110,93,92,121,104,131,107,24,65,7,16,62,53" hai3="122,88,91,37,64,19,11,66,39,69,70,90,87"/><U96/><E1/><V2/><F121/><W29/><G122/><T124/><D74/><U85/><E112/><V105/><F110/><W71/><G29/><T43/><D108/><U27/><E125/><V55/><F131/><W32/><G32/><T101/><D124/><U6/><E6/><V4/><F2/><W36/><G87/><T84/><D114/><U49/><E27/><V51/><F51/><W50/><G50/><T113/><D113/><U79/><E96/><V33/><F33/><W77/><G77/><T34/><D34/><U35/><E35/><V126/><F126/><W57/><G57/><T46/><D46/><U38/><E38/><V26/><F16/><W86/><G86/><T61/><D115/><U135/><E135/><V42/><F42/><W47/><G47/><T116/><D116/><U75/><E75/><V132/><F132/><W129/><G129/><T133/><D133/><U98/><E98/><V54/><F62/><W48/><G48/><T109/><D109/><U9/><E72/><V106/><F65/><W134/><G134/><T130/><D130/><U127/><E127/><V103/><N who="2" m="27136" /><DORA hai="28" /><V0/><F0/><W8/><G19/><N who="0" m="10343" /><D84/><U118/><E118/><V58/><F58/><W111/><G111/><T15/><D15/><N who="1" m="7535" /><E60/><V100/><F93/><W5/><REACH who="3" step="1"/><G5/><REACH who="3" ten="247,161,219,363" step="2"/><N who="2" m="2121" /><F92/><W82/><G82/><T41/><D95/><N who="1" m="54703" /><E120/><V45/><F45/><W31/><G31/><T23/><D23/><U81/><E123/><V97/><F97/><W73/><G73/><T117/><D117/><U119/><E119/><V13/><F13/><W78/><G78/><RYUUKYOKU ba="0,1" sc="247,10,161,-30,219,10,363,10" hai0="22,25,30,40,41,43,59,61,67,101" hai2="24,26,53,54,55,100,103" hai3="8,11,36,37,39,64,66,69,70,71,88,90,91" /><INIT seed="2,1,1,0,3,62" ten="257,131,229,373" oya="2" hai0="135,100,11,53,27,115,117,108,69,123,10,38,61" hai1="72,66,13,67,131,90,50,6,86,12,60,110,105" hai2="16,74,98,106,80,128,97,23,95,70,34,3,9" hai3="32,29,55,104,4,54,103,89,77,24,121,31,63"/><V75/><F34/><W71/><G121/><T130/><D100/><U36/><E36/><V88/><F70/><W83/><G4/><T84/><D84/><U47/><E105/><V8/><F3/><W78/><G31/><T124/><D27/><U42/><E72/><V125/><F125/><W25/><G25/><T49/><D11/><U18/><E131/><V40/><F128/><W20/><G20/><T43/><D10/><N who="1" m="4183" /><E110/><V2/><F2/><W56/><G55/><T52/><D115/><U127/><E60/><V41/><F106/><W79/><G89/><T85/><D85/><U1/><E1/><V73/><F80/><W46/><G83/><T35/><D35/><U116/><E116/><V64/><F64/><N who="1" m="24617" /><E127/><V14/><F98/><W21/><G32/><T134/><D61/><U81/><E18/><V118/><F118/><W19/><G71/><T107/><D107/><U132/><E132/><V5/><F8/><W99/><REACH who="3" step="1"/><G46/><REACH who="3" ten="257,131,229,363" step="2"/><T15/><D69/><U28/><E28/><V91/><REACH who="2" step="1"/><F91/><REACH who="2" ten="257,131,219,363" step="2"/><W65/><G65/><T102/><D134/><U51/><E51/><V87/><F87/><W68/><G68/><T126/><D49/><U114/><E114/><V119/><F119/><W82/><G82/><T133/><D135/><U94/><E81/><V44/><F44/><W109/><G109/><T129/><D133/><U111/><E111/><V101/><F101/><W92/><G92/><T120/><D126/><U58/><E58/><V45/><F45/><W26/><G26/><T57/><D124/><U30/><E30/><V7/><F7/><W33/><G33/><RYUUKYOKU ba="1,3" sc="257,-30,131,10,219,10,363,10" hai1="13,42,47,50,86,90,94" hai2="5,9,14,16,23,40,41,73,74,75,88,95,97" hai3="19,21,24,29,54,56,63,77,78,79,99,103,104" /><INIT seed="2,2,3,4,3,42" ten="227,141,229,373" oya="2" hai0="50,108,128,119,118,1,76,85,81,112,56,114,123" hai1="102,38,47,126,46,88,122,41,120,116,69,19,96" hai2="33,92,117,22,61,104,11,12,127,43,53,66,89" hai3="36,131,129,9,30,40,79,45,60,25,13,68,99"/><V29/><F104/><W6/><G79/><T73/><D1/><U14/><E69/><V84/><F117/><N who="0" m="44554" /><D56/><U133/><E116/><V39/><F127/><W83/><G83/><N who="0" m="45455" /><D50/><N who="1" m="26959" /><E133/><V100/><F33/><W110/><G99/><T125/><D123/><N who="1" m="47147" /><E126/><V32/><F32/><W3/><G110/><T26/><D26/><U5/><E5/><V55/><F100/><W105/><G13/><T10/><D10/><N who="1" m="6615" /><E38/><V71/><F29/><W62/><G105/><T93/><D125/><U49/><E102/><V101/><F101/><W135/><G62/><T20/><D20/><U74/><E74/><V130/><F22/><W37/><G135/><T57/><D57/><U97/><E88/><V44/><REACH who="2" step="1"/><F130/><REACH who="2" ten="227,141,219,373" step="2"/><N who="3" m="49675" /><G37/><T64/><D128/><U82/><E82/><V8/><F8/><W16/><G9/><T23/><D23/><U21/><E21/><V35/><F35/><W134/><G134/><T65/><D81/><U17/><E17/><AGARI ba="2,4" hai="11,12,17,39,43,44,53,55,61,66,71,84,89,92" machi="17" ten="30,5800,0" yaku="1,1,7,1,52,1,53,0" doraHai="42" doraHaiUra="132" who="2" fromWho="1" sc="227,0,141,-64,219,104,373,0" /><INIT seed="2,3,0,0,3,57" ten="227,77,323,373" oya="2" hai0="135,95,132,134,27,122,19,33,69,116,13,12,124" hai1="91,81,128,50,87,44,48,75,121,65,84,112,86" hai2="105,59,25,20,47,4,7,37,115,106,41,127,29" hai3="52,9,43,92,39,111,3,103,96,71,126,30,114"/><V46/><F115/><W68/><G30/><N who="0" m="19679" /><D69/><U98/><E65/><V34/><F34/><W100/><G114/><T70/><D70/><U104/><E50/><V101/><F127/><W49/><G111/><T97/><D122/><U94/><E48/><V109/><F109/><W85/><G126/><T123/><D123/><U53/><E44/><V40/><F101/><W8/><G39/><T62/><D124/><U113/><E53/><V14/><F105/><W31/><G31/><T119/><D62/><U17/><E17/><V66/><F106/><W11/><G3/><T26/><D26/><U93/><E128/><V118/><F118/><N who="0" m="45098" /><D19/><U107/><E121/><V45/><F45/><W54/><G43/><T80/><D80/><N who="1" m="49543" /><E112/><V55/><F66/><W42/><G42/><T78/><D78/><N who="1" m="44255" /><E113/><V0/><F0/><W21/><G21/><T18/><D18/><U10/><E10/><V38/><REACH who="2" step="1"/><F14/><REACH who="2" ten="227,77,313,373" step="2"/><W16/><G71/><T56/><D56/><U23/><E23/><V67/><F67/><W2/><G68/><T76/><D76/><U24/><E24/><V5/><F5/><W60/><G2/><T125/><D125/><U120/><E120/><V82/><F82/><W133/><G100/><AGARI ba="3,1" hai="12,13,95,97,100,132,134,135" m="45098,19679" machi="100" ten="40,2600,0" yaku="20,1,12,1" doraHai="57" who="0" fromWho="3" sc="227,45,77,0,313,0,373,-35" /><INIT seed="3,0,0,4,4,99" ten="272,77,313,338" oya="3" hai0="38,6,56,55,133,26,54,89,3,93,107,128,37" hai1="104,120,90,126,8,65,57,106,100,103,58,11,34" hai2="108,97,76,119,5,15,21,7,17,27,113,134,110" hai3="60,39,14,85,114,42,78,112,118,75,79,10,98"/><W131/><G118/><T2/><D107/><N who="1" m="41003" /><E90/><V12/><F76/><W41/><G60/><T9/><D3/><U67/><E34/><V101/><F119/><W52/><G98/><T1/><D1/><U48/><E48/><V92/><F113/><W32/><G32/><T96/><D128/><U50/><E50/><V49/><F49/><W23/><G114/><T105/><D133/><U61/><E61/><V88/><F134/><W24/><G112/><T22/><D105/><U129/><E126/><V62/><F110/><W44/><G131/><T111/><D111/><U72/><E72/><V40/><F40/><W25/><G41/><T91/><D91/><U66/><E120/><V95/><F108/><W68/><G68/><T64/><D64/><N who="1" m="16387" /><U47/><DORA hai="0" /><E47/><V20/><F62/><W117/><G117/><T59/><D59/><N who="1" m="22539" /><E129/><V102/><F92/><W80/><G75/><T16/><REACH who="0" step="1"/><D56/><REACH who="0" ten="262,77,313,338" step="2"/><U71/><E71/><V130/><F130/><W51/><G39/><AGARI ba="0,1" hai="2,6,9,16,22,26,37,38,39,54,55,89,93,96" machi="39" ten="40,12000,2" yaku="1,1,2,1,52,1,54,1,53,3" doraHai="99,0" doraHaiUra="69,83" who="0" fromWho="3" sc="262,130,77,0,313,0,338,-120" /><INIT seed="4,0,0,3,2,132" ten="392,77,313,218" oya="0" hai0="101,97,60,34,95,78,134,8,67,103,28,128,79" hai1="5,65,52,81,94,41,86,42,93,20,9,104,50" hai2="127,19,6,39,73,1,80,107,98,131,126,121,10" hai3="111,58,85,27,35,24,54,133,3,91,76,22,57"/><T53/><D128/><U15/><E104/><V71/><F131/><W100/><G133/><T72/><D134/><U106/><E65/><V32/><F19/><W23/><G111/><T7/><D53/><U44/><E106/><V115/><F115/><W109/><G109/><T69/><D101/><U29/><E93/><V43/><F121/><W102/><G3/><T46/><D72/><U47/><E94/><V84/><F32/><W77/><G35/><T75/><D46/><U25/><REACH who="1" step="1"/><E44/><REACH who="1" ten="392,67,313,218" step="2"/><N who="2" m="23679" /><F84/><W21/><G76/><AGARI ba="0,1" hai="5,9,15,20,25,29,41,42,47,50,52,76,81,86" machi="76" ten="30,7700,0" yaku="1,1,7,1,8,1,54,1,53,0" doraHai="132" doraHaiUra="92" who="1" fromWho="3" sc="392,0,67,87,313,0,218,-77" /><INIT seed="5,0,0,2,5,78" ten="392,154,313,141" oya="1" hai0="6,14,8,123,72,92,45,47,80,34,84,125,11" hai1="97,38,28,23,40,43,60,122,18,30,66,119,49" hai2="37,50,100,128,31,2,13,79,133,10,1,52,83" hai3="46,99,89,104,102,74,44,131,32,22,120,15,65"/><U12/><E38/><V69/><F37/><W75/><G32/><T42/><D125/><U109/><E119/><V130/><F69/><W85/><G120/><T118/><D118/><U62/><E122/><V134/><F100/><W67/><G131/><N who="2" m="50217" /><F31/><W16/><G67/><T56/><D123/><U108/><E97/><V95/><F95/><W20/><G65/><T17/><D34/><U107/><E107/><V121/><F121/><W29/><G74/><T48/><D72/><U88/><E88/><V21/><F21/><W61/><G75/><T113/><D113/><U115/><E115/><V90/><F90/><W73/><G73/><T117/><D117/><U111/><E60/><V127/><F127/><W36/><G61/><T4/><D17/><U93/><E93/><V51/><F51/><W7/><G7/><T19/><D19/><U35/><E35/><V112/><F112/><W94/><G36/><T103/><D47/><U91/><E91/><V114/><F114/><W57/><G57/><T54/><D92/><U106/><E106/><V76/><F76/><W96/><G96/><T132/><D103/><U126/><E126/><V53/><F2/><W24/><AGARI ba="0,0" hai="15,16,20,22,24,29,44,46,85,89,94,99,102,104" machi="24" ten="30,2000,0" yaku="0,1,54,1" doraHai="78" who="3" fromWho="3" sc="392,-5,154,-10,313,-5,141,20" /><INIT seed="6,0,0,5,5,1" ten="387,144,308,161" oya="2" hai0="64,13,108,129,44,135,113,76,107,80,86,122,131" hai1="116,61,36,59,78,109,81,19,83,35,127,27,74" hai2="18,52,94,125,22,58,9,39,2,3,97,99,79" hai3="8,12,100,114,72,17,85,65,91,128,62,134,20"/><V110/><F110/><W71/><G72/><T16/><D108/><U104/><E36/><V102/><F39/><W93/><G100/><T50/><D122/><U75/><E104/><V96/><F79/><W69/><G114/><T117/><D113/><U123/><E109/><V98/><F125/><W10/><G128/><N who="0" m="49227" /><D135/><U66/><E127/><V115/><F115/><W67/><REACH who="3" step="1"/><G134/><REACH who="3" ten="387,144,308,151" step="2"/><T101/><D101/><U49/><E116/><V48/><REACH who="2" step="1"/><F9/><REACH who="2" ten="387,144,298,151" step="2"/><W120/><G120/><T82/><D117/><U73/><E123/><V77/><F77/><W43/><G43/><T63/><D76/><U33/><E78/><V0/><F0/><W132/><G132/><T105/><D105/><U70/><E35/><V29/><F29/><W126/><G126/><T130/><D107/><U87/><E33/><V118/><F118/><W11/><G11/><T6/><D130/><U53/><REACH who="1" step="1"/><E87/><REACH who="1" ten="387,134,298,151" step="2"/><V88/><F88/><W46/><G46/><T25/><D86/><U7/><E7/><V60/><F60/><AGARI ba="0,3" hai="8,10,12,17,20,60,62,65,67,69,71,85,91,93" machi="60" ten="40,5200,0" yaku="1,1,9,1,53,1" doraHai="1" doraHaiUra="90" who="3" fromWho="2" sc="387,0,134,0,298,-52,151,82" /><INIT seed="7,0,0,2,2,104" ten="387,134,246,233" oya="3" hai0="51,100,8,120,132,63,106,37,39,107,92,69,74" hai1="66,76,90,101,52,55,3,131,45,82,75,68,78" hai2="13,16,60,115,5,122,134,81,123,22,40,119,28" hai3="35,6,2,34,67,59,21,128,93,58,135,33,129"/><W87/><G135/><T110/><D120/><U102/><E3/><V113/><F119/><W23/><G2/><T65/><D110/><U50/><E131/><N who="3" m="50250" /><G6/><T77/><D132/><U62/><E90/><V48/><F48/><W9/><G9/><T42/><D106/><U24/><E24/><V44/><F60/><N who="3" m="38295" /><G59/><T53/><D107/><U27/><E55/><V38/><F81/><W57/><G57/><T72/><D39/><U118/><E118/><V15/><F40/><W32/><N who="3" m="8704" /><DORA hai="127" /><W0/><G0/><T112/><D8/><U17/><REACH who="1" step="1"/><E78/><REACH who="1" ten="387,124,246,233" step="2"/><V109/><F38/><W126/><G126/><T130/><D130/><U46/><E46/><V4/><F44/><W98/><G87/><T31/><D77/><U64/><E64/><V108/><F134/><W125/><G125/><T30/><D65/><U84/><E84/><V25/><F109/><W97/><G97/><T10/><D10/><U99/><E99/><V12/><F108/><W116/><G116/><T94/><D37/><U1/><E1/><V96/><F96/><W19/><G19/><T124/><D124/><U83/><E83/><V29/><F29/><W95/><G95/><T114/><D30/><U54/><E54/><V20/><F20/><AGARI ba="0,1" hai="17,20,27,45,50,52,62,66,68,75,76,82,101,102" machi="20" ten="40,5200,0" yaku="1,1,52,1,54,1,53,0" doraHai="104,127" doraHaiUra="91,121" who="1" fromWho="2" sc="387,0,124,62,246,-52,233,0" owari="387,49,186,-31,194,-21,233,3" /></mjloggm>