<mjloggm ver="2.3"><GO type="137" lobby="0"/><UN n0="%4C%61%62%6B%6F" n1="%52%79%6F%73%75%6B%65%54" n2="%6C%6C%2D%77%61%74%65%72" n3="%E7%95%99%E8%90%8C" dan="12,11,10,12" rate="1697.83,1477.40,1517.88,1590.15" sx="M,M,M,M"/><TAIKYOKU oya="0"/><INIT seed="0,0,0,5,5,92" ten="250,250,250,250" oya="0" hai0="51,3,70,34,40,110,58,27,71,68,89,33,32" hai1="109,14,9,84,16,120,80,26,79,30,25,83,78" hai2="22,56,94,65,49,5,60,106,31,98,87,122,53" hai3="112,47,0,82,85,55,126,115,118,12,77,11,21"/><T75/><D89/><U35/><E120/><V17/><F106/><W81/><G118/><T44/><D58/><U86/><E109/><V24/><F5/><W37/><G115/><T130/><D110/><U13/><E13/><V6/><F6/><W28/><G112/><T29/><D130/><U113/><E113/><V125/><F122/><W101/><G126/><T129/><D129/><U104/><E25/><V76/><F87/><W107/><G0/><T57/><D57/><U8/><REACH who="1" step="1"/><E104/><REACH who="1" ten="250,240,250,250" step="2"/><V88/><F125/><W52/><G107/><T59/><D3/><U134/><E134/><V64/><F76/><W133/><G77/><T46/><D75/><U123/><E123/><V114/><F114/><W54/><G133/><T103/><D103/><U128/><E128/><V39/><F39/><W93/><G101/><T2/><D2/><U38/><E38/><V10/><F10/><AGARI ba="0,1" hai="8,9,10,14,16,26,30,35,78,79,80,83,84,86" machi="10" ten="30,7700,0" yaku="1,1,7,1,9,1,54,1,53,0" doraHai="92" doraHaiUra="69" who="1" fromWho="2" sc="250,0,240,87,250,-77,250,0" /><INIT seed="1,0,0,3,4,127" ten="250,327,173,250" oya="1" hai0="116,56,25,102,131,34,8,42,63,33,103,57,22" hai1="61,4,78,119,80,125,9,129,90,86,109,26,53" hai2="113,17,118,39,123,37,65,11,98,1,72,62,115" hai3="101,10,87,74,2,13,40,76,135,20,104,112,70"/><U58/><E119/><V14/><F72/><W32/><G112/><T3/><D116/><U124/><E26/><V94/><F118/><W52/><G32/><T75/><D75/><U121/><E121/><V64/><F123/><W73/><G135/><T69/><D42/><U133/><E133/><V107/><F107/><W114/><G114/><N who="2" m="43529" /><F1/><W106/><G70/><T120/><D120/><U111/><E129/><V130/><F130/><W18/><G40/><T28/><D3/><N who="1" m="159" /><E78/><V29/><F29/><W27/><G52/><T89/><D8/><U48/><E48/><V44/><F44/><W15/><G2/><T21/><D89/><U30/><E30/><V84/><F84/><W6/><G27/><T43/><D43/><U105/><E105/><V41/><F41/><W31/><G31/><T50/><D69/><U79/><E79/><V55/><F37/><W110/><G110/><AGARI ba="0,0" hai="53,58,61,80,86,90,109,110,111,124,125" m="159" machi="110" ten="30,2900,0" yaku="14,1,10,1" doraHai="127" who="1" fromWho="3" sc="250,0,327,29,173,0,250,-29" /><INIT seed="1,1,0,5,1,9" ten="250,356,173,221" oya="1" hai0="37,101,86,56,132,120,84,28,75,95,32,127,62" hai1="121,42,70,52,49,13,0,48,125,96,34,55,78" hai2="59,15,66,79,115,10,33,94,73,65,58,54,23" hai3="29,69,130,1,88,129,106,21,98,89,25,18,107"/><U45/><E45/><V82/><F33/><W64/><G1/><T8/><D127/><U17/><E121/><V22/><F115/><W4/><G4/><T85/><D132/><U93/><E125/><V97/><F65/><W109/><G109/><T71/><D120/><U43/><E34/><V105/><F105/><W41/><G41/><T24/><D75/><U68/><E0/><V118/><F118/><W99/><G29/><T87/><D37/><U76/><E70/><V30/><F30/><W133/><G133/><T113/><D113/><U63/><E68/><V83/><F83/><W90/><G69/><T74/><D74/><U67/><E76/><V20/><F59/><W12/><G64/><T100/><N who="0" m="22016" /><DORA hai="19" /><T91/><D71/><U80/><E67/><V47/><F47/><W111/><G25/><T126/><D126/><U61/><E61/><V77/><F66/><W31/><G31/><T57/><D62/><U2/><E78/><V50/><F79/><W60/><G60/><T35/><D35/><U14/><E80/><V114/><F114/><W128/><G111/><T117/><D117/><U104/><E104/><AGARI ba="1,0" hai="12,18,21,88,89,90,98,99,104,106,107,128,129,130" machi="104" ten="50,8000,1" yaku="19,1,52,2,54,1" doraHai="9,19" who="3" fromWho="1" sc="250,0,356,-83,173,0,221,83" /><INIT seed="2,0,0,4,2,100" ten="250,273,173,304" oya="2" hai0="2,98,55,128,50,25,48,41,44,86,93,107,97" hai1="40,68,65,56,130,71,18,76,45,99,20,70,114" hai2="133,106,94,33,72,101,57,134,31,24,67,60,73" hai3="47,5,26,15,121,113,92,42,49,66,135,111,90"/><V125/><F125/><W34/><G121/><T58/><D128/><U8/><E114/><V104/><F94/><W88/><G66/><T29/><D2/><U105/><E130/><V22/><F22/><W63/><G113/><T16/><D86/><U117/><E117/><V13/><F13/><W12/><G63/><T35/><D97/><U69/><E76/><V87/><F87/><W77/><G77/><T109/><D109/><U37/><N who="1" m="17920" /><DORA hai="59" /><U39/><E39/><V116/><F101/><W132/><G26/><T30/><D30/><U84/><E84/><V23/><F33/><W108/><G34/><T27/><D93/><U6/><E65/><V110/><F116/><W21/><G21/><T64/><D64/><U7/><E56/><V28/><F28/><W82/><G82/><T46/><D58/><U124/><E124/><V83/><F83/><W103/><G5/><T122/><D122/><U120/><E120/><V54/><F67/><W96/><G12/><T80/><D80/><U112/><E112/><V11/><F11/><W36/><G15/><T32/><D25/><U51/><E37/><V0/><F110/><N who="3" m="42027" /><G36/><T43/><D55/><U62/><E8/><V19/><F0/><W74/><G74/><N who="2" m="28777" /><F31/><W123/><G123/><T4/><D4/><U10/><E10/><V129/><F129/><W17/><G17/><T79/><D79/><U3/><E3/><V52/><F54/><W91/><AGARI ba="0,0" hai="42,47,49,88,90,91,92,96,103,132,135" m="42027" machi="91" ten="40,2700,0" yaku="14,1,54,1" doraHai="100,59" who="3" fromWho="3" sc="250,-7,273,-7,173,-13,304,27" /><INIT seed="3,0,0,0,1,96" ten="243,266,160,331" oya="3" hai0="0,1,126,133,46,98,121,90,73,115,127,10,85" hai1="102,74,57,5,11,41,62,92,71,33,99,28,105" hai2="58,86,50,47,80,14,56,103,119,17,101,29,94" hai3="3,68,82,79,22,87,2,76,30,130,120,52,20"/><W43/><G120/><T123/><D73/><U88/><E74/><V51/><F119/><W113/><G113/><T15/><D46/><U83/><E41/><V124/><F29/><W38/><G68/><T25/><D25/><U23/><E33/><V114/><F114/><W8/><G130/><T45/><D115/><U4/><E71/><V106/><F106/><W27/><G76/><T112/><D112/><U24/><E11/><V19/><F19/><W55/><G2/><T134/><D98/><U93/><E105/><V89/><F58/><W39/><G20/><T6/><D45/><U72/><E72/><V110/><F110/><W49/><G43/><T53/><D53/><N who="1" m="34095" /><E83/><V122/><F122/><N who="0" m="46602" /><D90/><U70/><E70/><V69/><F69/><W60/><G60/><T107/><D85/><AGARI ba="0,0" hai="4,5,23,24,28,85,88,92,93,99,102" m="34095" machi="85" ten="30,3900,0" yaku="8,1,52,1,54,1" doraHai="96" who="1" fromWho="0" sc="243,-39,266,39,160,0,331,0" /><INIT seed="4,0,0,4,3,54" ten="204,305,160,331" oya="0" hai0="107,28,37,129,4,22,115,98,106,35,78,126,82" hai1="112,114,125,3,31,72,41,18,99,12,16,63,42" hai2="0,89,102,23,57,61,6,95,17,101,27,109,80" hai3="127,55,20,33,93,85,60,2,53,131,118,119,73"/><T40/><D115/><N who="1" m="44075" /><E3/><V94/><F109/><W14/><G2/><T9/><D126/><U76/><E125/><V49/><F0/><W83/><G127/><T58/><D129/><U69/><E31/><V130/><F6/><W96/><G33/><T39/><D35/><U105/><E72/><V8/><F8/><W124/><G124/><T86/><D28/><U77/><E105/><V48/><F130/><W90/><G119/><T46/><D37/><U84/><E99/><V32/><F32/><W10/><G118/><T113/><D113/><U116/><E116/><V59/><F80/><W13/><G131/><T75/><D22/><N who="1" m="11527" /><E18/><V135/><F135/><W68/><G73/><T117/><D117/><U24/><E24/><V87/><F94/><W1/><G1/><N who="0" m="143" /><D86/><U25/><E25/><V66/><F48/><W38/><G38/><T100/><D58/><U70/><E70/><V81/><F81/><W74/><G74/><T56/><D56/><U108/><E108/><V36/><F36/><W11/><G68/><T52/><D52/><AGARI ba="0,0" hai="17,23,27,49,52,57,59,61,66,87,89,95,101,102" machi="52" ten="40,8000,1" yaku="8,1,52,2,54,1" doraHai="54" who="2" fromWho="0" sc="204,-80,305,0,160,80,331,0" /><INIT seed="5,0,0,2,0,29" ten="124,305,240,331" oya="1" hai0="51,38,130,33,56,119,4,60,50,93,84,69,64" hai1="127,100,39,10,61,110,26,102,17,77,30,109,104" hai2="99,54,59,133,49,118,43,117,9,86,94,128,74" hai3="75,41,52,116,32,72,81,115,58,112,122,0,20"/><U121/><E121/><V8/><F74/><W42/><G122/><T76/><D119/><U129/><E39/><V114/><F43/><W23/><G0/><T123/><D123/><U113/><E104/><V34/><F34/><W57/><G116/><T78/><D130/><U88/><E129/><V14/><F114/><N who="3" m="43563" /><G41/><T37/><D33/><U1/><E113/><V2/><F2/><W7/><G7/><T90/><D4/><U91/><E127/><V125/><F128/><W24/><G42/><T45/><D51/><U103/><E77/><V82/><F118/><W12/><G12/><T11/><D11/><U16/><E61/><V89/><F133/><W55/><G81/><T96/><D37/><U83/><E1/><V22/><F125/><W6/><G6/><T27/><D27/><U124/><E124/><V46/><F117/><W36/><G36/><T105/><D105/><U28/><E28/><V87/><F46/><W13/><G13/><T31/><D31/><U79/><E10/><V3/><F3/><W70/><G70/><T44/><D38/><U106/><E106/><V97/><F97/><W92/><G92/><T35/><D35/><U131/><E131/><V73/><F73/><W21/><G75/><T126/><D126/><U101/><E101/><V63/><F63/><W71/><G71/><T132/><D132/><U65/><E65/><V111/><F99/><W135/><G135/><T15/><D69/><U62/><E62/><V47/><F8/><W18/><G72/><T5/><D96/><U53/><E110/><V98/><F111/><W107/><G107/><RYUUKYOKU ba="0,0" sc="124,0,305,0,240,0,331,0" /><INIT seed="6,1,0,5,0,123" ten="124,305,240,331" oya="2" hai0="34,95,100,69,26,79,37,73,23,129,11,33,116" hai1="134,114,92,110,7,22,27,60,17,43,46,58,64" hai2="98,106,2,14,75,48,39,104,113,120,66,3,61" hai3="87,103,21,109,50,76,25,8,36,122,16,32,42"/><V124/><F120/><W84/><G122/><T105/><D116/><U4/><E134/><V49/><F39/><W81/><G109/><T9/><D129/><U131/><E110/><V1/><F75/><W99/><G32/><T55/><D105/><U78/><E131/><V44/><F124/><W40/><G36/><T51/><D37/><U121/><E121/><V88/><F113/><W96/><G8/><T68/><D69/><U59/><E114/><V70/><F14/><W112/><G112/><T101/><D34/><U13/><E78/><V41/><F48/><W31/><G31/><T94/><D33/><U85/><E59/><V12/><F12/><W10/><G10/><T52/><D68/><U47/><E47/><V54/><F41/><N who="3" m="15979" /><G50/><T24/><D73/><U93/><E93/><V102/><F106/><W63/><G63/><T19/><D51/><U117/><E117/><V132/><F132/><W38/><G38/><T133/><D133/><U30/><E85/><V82/><F1/><W86/><G103/><T83/><D23/><U74/><E92/><V15/><F15/><W127/><G127/><T28/><D19/><U128/><E128/><V35/><F35/><W130/><G130/><T20/><D20/><U90/><E90/><V29/><F29/><W72/><G72/><T62/><D28/><U65/><E65/><V125/><F125/><W18/><G18/><T91/><D91/><U89/><E89/><V0/><F82/><W71/><G71/><T6/><D83/><U111/><E74/><V135/><F135/><W53/><G53/><T57/><D79/><RYUUKYOKU ba="1,0" sc="124,-15,305,-15,240,15,331,15" hai2="0,2,3,44,49,54,61,66,70,88,98,102,104" hai3="16,21,25,76,81,84,86,87,96,99" /><INIT seed="6,2,0,3,0,132" ten="109,290,255,346" oya="2" hai0="17,7,12,33,69,19,68,64,10,62,24,60,36" hai1="11,32,31,84,16,76,66,104,9,41,47,61,83" hai2="106,39,134,117,63,49,28,85,72,94,92,22,123" hai3="115,102,34,98,121,105,2,56,57,103,67,116,89"/><V14/><F39/><W119/><G121/><T112/><D112/><U59/><E104/><V3/><F3/><W80/><G2/><T23/><D36/><U0/><E0/><V50/><F134/><W91/><G34/><T118/><D118/><U127/><E32/><V129/><F106/><W93/><G119/><T58/><D33/><U1/><E31/><V70/><F70/><W96/><G116/><T5/><REACH who="0" step="1"/><D69/><REACH who="0" ten="99,290,255,346" step="2"/><U133/><E133/><V111/><F117/><W13/><G115/><T97/><D97/><U110/><E110/><V108/><F108/><W65/><G98/><T35/><D35/><U107/><E107/><V45/><F111/><W109/><G109/><T81/><D81/><U95/><E95/><V87/><F123/><W82/><G105/><T46/><D46/><U122/><E122/><V44/><F72/><W113/><G113/><T53/><AGARI ba="2,1" hai="5,7,10,12,17,19,23,24,53,58,60,62,64,68" machi="53" ten="20,5200,0" yaku="1,1,0,1,7,1,53,1" doraHai="132" doraHaiUra="54" who="0" fromWho="0" sc="99,68,290,-15,255,-28,346,-15" /><INIT seed="7,0,0,2,3,121" ten="167,275,227,331" oya="3" hai0="55,43,29,42,73,2,26,90,127,47,84,100,111" hai1="4,108,96,109,57,71,44,75,80,33,78,31,51" hai2="60,122,6,81,103,130,102,52,61,23,14,91,53" hai3="7,86,135,12,49,41,97,87,54,10,18,34,120"/><W48/><G120/><T125/><D2/><U62/><E71/><V114/><F122/><W85/><G34/><T36/><D73/><U118/><E118/><V94/><F6/><W66/><G135/><T115/><D115/><U72/><E72/><V9/><F114/><W82/><G66/><T22/><D100/><U64/><E4/><V67/><F130/><W11/><G97/><T45/><D55/><U110/><E96/><V28/><F67/><W37/><G37/><T93/><D111/><U77/><E77/><V105/><F105/><W92/><G92/><T1/><D1/><U63/><E63/><V32/><F32/><W3/><G41/><T113/><D113/><U0/><E0/><V13/><F81/><W112/><G112/><T58/><D58/><U21/><E33/><V46/><F28/><W106/><G106/><T123/><D123/><U38/><E38/><V88/><F94/><W117/><G117/><T107/><D107/><U104/><E104/><V119/><F119/><W76/><G49/><T35/><D22/><U30/><REACH who="1" step="1"/><E21/><REACH who="1" ten="167,265,227,331" step="2"/><V83/><F23/><W17/><G17/><T50/><D36/><U25/><E25/><V98/><F9/><W79/><G79/><T89/><D90/><U24/><E24/><V134/><F98/><W131/><G131/><T70/><D70/><U40/><AGARI ba="0,1" hai="30,31,40,44,51,57,62,64,75,78,80,108,109,110" machi="40" ten="30,8000,1" yaku="1,1,0,1,52,3,53,0" doraHai="121" doraHaiUra="65" who="1" fromWho="1" sc="167,-20,265,90,227,-20,331,-40" owari="147,-35,355,45,207,-19,291,9" /></mjloggm>