<mjloggm ver="2.3"><GO type="137" lobby="0"/><UN n0="%E3%81%8D%E3%81%9F%E3%81%8A%E3%81%8A%E3%81%98" n1="%78%79%6F%72" n2="%E5%BE%A1%E5%8A%8D%E6%82%A0%E9%99%BD" n3="%E7%95%99%E8%90%8C" dan="11,10,10,12" rate="1612.54,1586.57,1508.89,1590.57" sx="M,M,F,M"/><TAIKYOKU oya="0"/><INIT seed="0,0,0,3,3,83" ten="250,250,250,250" oya="0" hai0="135,104,118,50,75,111,43,100,85,96,109,115,51" hai1="3,66,13,117,4,89,37,108,77,40,58,126,44" hai2="33,35,42,130,41,15,11,67,120,112,128,32,1" hai3="74,82,6,49,94,81,86,99,36,63,70,38,93"/><T107/><D43/><U64/><E117/><V29/><F67/><W45/><G6/><T95/><D51/><U79/><E3/><V124/><F42/><W110/><G110/><N who="0" m="41995" /><D50/><N who="1" m="26887" /><E108/><V54/><F54/><W8/><G8/><T55/><D55/><U5/><E37/><V24/><F41/><W18/><G18/><T119/><D75/><U105/><E105/><N who="0" m="40521" /><D135/><U17/><E126/><V31/><F124/><W69/><G38/><T61/><D61/><N who="1" m="37943" /><E66/><V103/><F103/><W34/><G34/><N who="2" m="13417" /><F112/><W116/><G116/><N who="0" m="44587" /><D115/><U26/><E26/><N who="2" m="18871" /><F120/><W68/><G36/><T48/><D48/><U56/><E56/><V10/><F1/><W46/><G74/><T19/><D19/><U57/><E57/><V39/><F39/><W113/><G113/><T122/><D122/><U0/><E0/><V16/><F10/><W88/><G63/><T62/><D62/><U73/><E73/><V90/><F90/><W102/><REACH who="3" step="1"/><G46/><REACH who="3" ten="250,250,250,240" step="2"/><T132/><D132/><U14/><E4/><N who="2" m="3559" /><F31/><W65/><G65/><T97/><D100/><U53/><E77/><V71/><F71/><W47/><G47/><T92/><D92/><U76/><E79/><V28/><F28/><W30/><G30/><T114/><D114/><U22/><E76/><V121/><F121/><W9/><G9/><T72/><D72/><U84/><E53/><AGARI ba="0,1" hai="45,49,53,68,69,70,81,82,86,88,93,94,99,102" machi="53" ten="40,5200,0" yaku="1,1,52,1,54,1,53,0" doraHai="83" doraHaiUra="131" who="3" fromWho="1" sc="250,0,250,-52,250,0,240,62" /><INIT seed="1,0,0,3,3,108" ten="250,198,250,302" oya="1" hai0="118,65,12,109,66,53,131,89,94,123,130,104,38" hai1="45,56,15,23,69,37,105,74,115,4,92,64,55" hai2="20,124,30,98,36,42,106,121,5,49,21,27,54" hai3="57,117,91,3,43,61,76,77,88,26,1,19,68"/><U84/><E115/><V93/><F121/><W81/><G117/><T116/><D12/><U33/><E74/><V111/><F111/><W99/><G68/><T112/><D89/><N who="1" m="53287" /><E105/><V135/><F135/><W73/><G43/><T119/><D94/><U96/><E37/><V7/><F106/><W120/><G120/><T83/><D83/><U48/><E69/><V6/><F124/><W46/><G46/><T122/><D104/><U72/><E72/><V102/><F36/><W29/><G76/><T95/><D95/><U78/><E33/><V134/><F134/><W18/><G1/><T50/><D38/><U129/><E129/><N who="0" m="49161" /><D109/><U110/><E110/><V127/><F127/><W32/><G3/><T87/><D87/><U80/><E96/><V85/><F42/><W35/><G35/><T90/><D90/><U25/><E64/><N who="0" m="24681" /><D53/><N who="1" m="29839" /><E4/><V132/><F132/><W70/><G70/><T16/><D50/><N who="1" m="30839" /><E15/><V34/><F85/><W31/><G31/><T41/><D41/><U58/><E58/><V52/><REACH who="2" step="1"/><F49/><REACH who="2" ten="250,198,240,302" step="2"/><W28/><G73/><T107/><D107/><U82/><E78/><V126/><F126/><W63/><G77/><T128/><D128/><U14/><E14/><V13/><F13/><W10/><G81/><T47/><D123/><U79/><E79/><V97/><F97/><W60/><G99/><T101/><D122/><U44/><E44/><V75/><F75/><W40/><G40/><T11/><D47/><U100/><E100/><V103/><F103/><W71/><G71/><T2/><D101/><U24/><E24/><V39/><F39/><W8/><G26/><RYUUKYOKU ba="0,1" sc="250,-15,198,15,240,15,302,-15" hai1="23,25,80,82" hai2="5,6,7,20,21,27,30,34,52,54,93,98,102" /><INIT seed="1,1,1,1,4,64" ten="235,213,255,287" oya="1" hai0="113,79,74,78,7,112,5,102,114,34,35,4,11" hai1="87,118,14,30,91,131,20,68,26,59,18,105,28" hai2="86,122,45,126,10,109,6,104,0,33,106,24,62" hai3="111,3,123,92,23,9,36,21,134,41,80,116,125"/><U43/><E105/><V98/><F122/><W38/><G123/><T121/><D102/><U61/><E68/><V96/><F126/><W72/><G116/><T15/><D121/><U128/><E118/><V54/><F109/><W47/><G111/><T56/><D56/><U8/><E43/><V107/><F86/><W46/><G125/><T83/><D78/><U70/><E70/><V22/><F33/><W71/><G134/><T13/><REACH who="0" step="1"/><D11/><REACH who="0" ten="225,213,255,287" step="2"/><U29/><E128/><V12/><F0/><W37/><G3/><T115/><N who="0" m="29184" /><DORA hai="82" /><T97/><D97/><U42/><E131/><V133/><F133/><W124/><G124/><T93/><D93/><N who="1" m="54527" /><E42/><V44/><F98/><W40/><G92/><T84/><D84/><U120/><E120/><V85/><F85/><W108/><G9/><T58/><D58/><U48/><E48/><V90/><F90/><W60/><G108/><T89/><D89/><U1/><E1/><V52/><F96/><W103/><G103/><T66/><D66/><AGARI ba="1,2" hai="8,14,18,20,26,28,29,30,59,61,66" m="54527" machi="66" ten="30,2900,0" yaku="8,1,52,1" doraHai="64,82" who="1" fromWho="0" sc="225,-32,213,52,255,0,287,0" /><INIT seed="1,2,0,5,2,104" ten="193,265,255,287" oya="1" hai0="27,123,14,119,53,15,116,42,13,41,36,57,34" hai1="52,126,122,70,74,99,55,78,11,82,49,1,108" hai2="76,9,98,28,5,124,48,18,61,40,118,19,100" hai3="130,103,63,2,95,58,45,67,0,79,105,132,107"/><U97/><E122/><V30/><F118/><W80/><G45/><T90/><D123/><U51/><E70/><V81/><F124/><W44/><G44/><T84/><D34/><U114/><E114/><V10/><F61/><W26/><G26/><T6/><D27/><U86/><E126/><V24/><F30/><W22/><G22/><T16/><D6/><U88/><E108/><V133/><F10/><W12/><G132/><T25/><D116/><U65/><E1/><V60/><F60/><W83/><G130/><T75/><D119/><U43/><E65/><V72/><F133/><W96/><G12/><T120/><D120/><U59/><E43/><V31/><F31/><W47/><G47/><T3/><D3/><U94/><REACH who="1" step="1"/><E11/><REACH who="1" ten="193,255,255,287" step="2"/><V135/><F135/><W102/><G0/><T35/><D41/><U50/><E50/><V4/><F48/><W101/><G2/><T17/><D42/><U23/><E23/><V125/><F40/><W56/><G67/><T46/><D36/><U71/><E71/><V38/><F38/><W7/><G7/><T64/><D64/><U134/><E134/><V54/><F5/><W20/><G20/><T62/><D35/><U110/><E110/><V85/><F125/><W92/><G63/><T39/><D39/><U128/><E128/><V113/><F113/><W73/><G56/><AGARI ba="2,1" hai="49,51,52,55,56,59,74,78,82,86,88,94,97,99" machi="56" ten="30,18000,2" yaku="1,1,7,1,9,1,52,1,54,2,53,0" doraHai="104" doraHaiUra="32" who="1" fromWho="3" sc="193,0,255,196,255,0,287,-186" /><INIT seed="1,3,0,0,0,57" ten="193,451,255,101" oya="1" hai0="69,14,134,123,78,41,40,35,64,36,17,60,24" hai1="19,73,12,99,84,131,115,7,133,92,109,54,119" hai2="112,83,29,86,56,108,126,61,1,120,93,72,79" hai3="25,116,67,34,37,80,13,39,43,130,90,9,6"/><U31/><E73/><V70/><F120/><W82/><G130/><T51/><D134/><U94/><E54/><V111/><F1/><W23/><G116/><T98/><D123/><U68/><E68/><V59/><F126/><W42/><G67/><T32/><D78/><U44/><E119/><V27/><F112/><W62/><G34/><T95/><D36/><U97/><E115/><V75/><F70/><W38/><G62/><T106/><D32/><U11/><E133/><V55/><F56/><W3/><G3/><T52/><D106/><U33/><E131/><V124/><F124/><W48/><G48/><T127/><D127/><U101/><E109/><N who="2" m="42059" /><F93/><W100/><G100/><T63/><D35/><AGARI ba="3,0" hai="27,29,35,55,59,61,72,75,79,83,86" m="42059" machi="35" ten="30,2000,0" yaku="14,1,52,1" doraHai="57" who="2" fromWho="0" sc="193,-29,451,0,255,29,101,0" /><INIT seed="2,0,0,3,4,60" ten="164,451,284,101" oya="2" hai0="70,29,65,125,79,99,1,27,67,94,124,134,17" hai1="100,0,81,133,36,135,9,7,59,107,72,128,45" hai2="84,5,90,71,32,113,35,30,88,62,95,110,31" hai3="18,6,47,120,102,34,56,16,23,82,43,48,3"/><V8/><F113/><W127/><G120/><T41/><D1/><U26/><E59/><V83/><F110/><W111/><G34/><T28/><D70/><U13/><E13/><V132/><F132/><N who="1" m="50761" /><E26/><V2/><F35/><W116/><G116/><T75/><D134/><U63/><E128/><V50/><F32/><W98/><G111/><T37/><D41/><N who="1" m="22695" /><E63/><V38/><F38/><W122/><G122/><T117/><D37/><U4/><E4/><V78/><F78/><W12/><G127/><N who="0" m="48715" /><D117/><U101/><E100/><V115/><F115/><W129/><G129/><T55/><D79/><N who="1" m="44263" /><E101/><V92/><F83/><W89/><G56/><T85/><D75/><U46/><E46/><V68/><F50/><W57/><G57/><T93/><D85/><U51/><E51/><V11/><F11/><W15/><G82/><T108/><D108/><U22/><E22/><V126/><F126/><W80/><G80/><T105/><D105/><AGARI ba="0,0" hai="0,7,9,105,107" m="44263,22695,50761" machi="105" ten="30,3900,0" yaku="25,1,20,1,23,1" doraHai="60" who="1" fromWho="0" sc="164,-39,451,39,284,0,101,0" /><INIT seed="3,0,0,4,3,16" ten="125,490,284,101" oya="3" hai0="62,113,28,84,18,81,96,109,78,24,21,65,1" hai1="59,35,95,15,29,79,19,44,52,60,32,0,122" hai2="5,99,74,48,88,27,111,89,33,128,120,23,132" hai3="130,55,129,40,34,101,121,108,46,127,90,82,83"/><W97/><G121/><T115/><D109/><U123/><E0/><V22/><F111/><W86/><G34/><T107/><D1/><U36/><E32/><V3/><F120/><W135/><G108/><T41/><D41/><U66/><E79/><V104/><F74/><W76/><G55/><T85/><D107/><U13/><E95/><V37/><F37/><W38/><G127/><T57/><D85/><U124/><E124/><V12/><F132/><W93/><REACH who="3" step="1"/><G135/><REACH who="3" ten="125,490,284,91" step="2"/><T64/><D64/><U131/><E131/><V58/><F33/><W4/><G4/><T25/><REACH who="0" step="1"/><D96/><REACH who="0" ten="115,490,284,91" step="2"/><U50/><E36/><V77/><F99/><W53/><G53/><T61/><D61/><U126/><E126/><V39/><F104/><W31/><G31/><T134/><D134/><U112/><E112/><V106/><F106/><W49/><G49/><T11/><D11/><U73/><E73/><AGARI ba="0,2" hai="38,40,46,73,76,82,83,86,90,93,97,101,129,130" machi="73" ten="40,2000,0" yaku="1,1,53,0" doraHai="16" doraHaiUra="45" who="3" fromWho="1" sc="115,0,490,-20,284,0,91,40" /><INIT seed="3,1,0,5,5,87" ten="115,470,284,131" oya="3" hai0="56,39,45,12,41,76,89,118,94,46,32,130,77" hai1="85,30,47,59,96,115,4,86,43,33,36,61,125" hai2="63,78,97,51,70,88,26,103,19,34,3,42,106" hai3="22,108,107,48,67,84,6,134,7,124,71,66,75"/><W123/><G123/><T55/><D118/><U15/><E115/><V135/><F3/><W120/><G120/><T52/><D32/><U102/><E125/><V119/><F119/><W109/><G124/><T104/><D104/><U8/><E33/><V114/><F114/><W117/><G117/><T116/><D116/><U81/><E30/><V17/><F135/><W100/><G75/><T122/><D122/><U25/><E25/><V101/><F101/><W53/><G134/><T113/><D130/><U58/><E58/><V28/><F78/><W64/><G71/><T79/><D113/><U68/><E68/><V38/><F38/><W1/><G84/><T92/><D12/><U60/><E60/><V128/><F128/><W0/><G22/><T29/><D29/><U112/><E112/><V9/><F9/><W21/><G21/><T132/><D132/><U16/><E4/><N who="3" m="1578" /><G107/><T2/><D2/><N who="3" m="1129" /><G100/><T131/><D131/><U133/><E133/><V129/><F129/><W50/><G53/><T82/><D82/><U24/><E24/><V49/><F42/><W23/><G23/><T35/><D35/><U54/><E81/><V126/><F126/><W27/><G27/><T121/><D121/><U93/><AGARI ba="1,0" hai="8,15,16,36,43,47,54,59,61,85,86,93,96,102" machi="93" ten="20,2700,0" yaku="0,1,7,1,54,1" doraHai="87" who="1" fromWho="1" sc="115,-8,470,30,284,-8,131,-14" /><INIT seed="4,0,0,5,4,96" ten="107,500,276,117" oya="0" hai0="108,105,89,97,93,13,102,58,23,45,38,24,29" hai1="87,32,40,33,66,117,68,57,92,67,130,133,30" hai2="128,37,28,31,61,11,122,49,21,1,131,86,35" hai3="75,77,26,69,71,124,126,83,123,34,107,85,27"/><T48/><D38/><U114/><E117/><V111/><F111/><W8/><G85/><T70/><D70/><N who="3" m="26633" /><G123/><T41/><D108/><U5/><E68/><V25/><F122/><W80/><G80/><T2/><D2/><U52/><E114/><V39/><F31/><N who="3" m="19831" /><G27/><T3/><D3/><U19/><E130/><N who="2" m="49707" /><F61/><W112/><G8/><T36/><D13/><U84/><E133/><V14/><F86/><W134/><G134/><T60/><D36/><U106/><E106/><V7/><F49/><W46/><G46/><T113/><D113/><U110/><E110/><V79/><F79/><W6/><G6/><T121/><D121/><U65/><E40/><V73/><F73/><W115/><G107/><T94/><D89/><U22/><E87/><V4/><F4/><W78/><G78/><T103/><D105/><U55/><E5/><V0/><F0/><W91/><G91/><T15/><D15/><U64/><E30/><V10/><F10/><W47/><G47/><T90/><D94/><U54/><E57/><V16/><AGARI ba="0,0" hai="1,7,11,14,16,21,25,28,35,37,39" m="49707" machi="16" ten="30,4000,0" yaku="24,1,19,1,54,1" doraHai="96" who="2" fromWho="2" sc="107,-20,500,-10,276,40,117,-10" /><INIT seed="5,0,0,4,2,3" ten="87,490,316,107" oya="1" hai0="9,26,92,13,131,105,99,108,62,135,51,54,112" hai1="107,106,23,70,46,72,97,89,87,2,0,44,117" hai2="28,93,110,53,66,98,49,55,118,10,104,48,30" hai3="133,56,69,128,115,79,113,35,38,25,4,102,1"/><U95/><E117/><V39/><F39/><W57/><G102/><T120/><D108/><U129/><E70/><V130/><F118/><W36/><G69/><T123/><D105/><U27/><E129/><V21/><F104/><W7/><G79/><T114/><D131/><U94/><E72/><V75/><F130/><W29/><G128/><T71/><D135/><U132/><E132/><V74/><F110/><W52/><G133/><T17/><D71/><U61/><E2/><V15/><F66/><W126/><G126/><T78/><D78/><U31/><E0/><V60/><F60/><W101/><G101/><T16/><D62/><U90/><E106/><V109/><F109/><W127/><G127/><T73/><D73/><U103/><REACH who="1" step="1"/><E61/><REACH who="1" ten="87,480,316,107" step="2"/><V67/><F67/><W32/><G1/><T40/><D40/><U82/><E82/><V65/><F65/><W20/><G36/><T111/><D54/><U5/><E5/><N who="2" m="3535" /><F75/><W43/><G38/><T76/><D51/><U22/><E22/><V59/><F74/><W77/><G20/><N who="0" m="13575" /><D76/><U80/><E80/><V91/><F21/><W18/><G77/><T85/><D85/><AGARI ba="0,1" hai="23,27,31,44,46,85,87,89,90,94,95,97,103,107" machi="85" ten="30,5800,0" yaku="1,1,7,1,9,1,53,0" doraHai="3" doraHaiUra="63" who="1" fromWho="0" sc="87,-58,480,68,316,0,107,0" /><INIT seed="5,1,0,4,1,24" ten="29,548,316,107" oya="1" hai0="107,77,61,93,1,29,48,15,34,57,0,69,6" hai1="22,32,23,49,4,126,105,113,84,52,26,3,55" hai2="89,21,110,119,40,66,75,133,30,120,116,132,80" hai3="54,135,94,19,92,67,41,20,51,114,12,11,46"/><U103/><E113/><V58/><F58/><W128/><G114/><T106/><D93/><U134/><E126/><V121/><F66/><W123/><G123/><N who="2" m="47177" /><F40/><W62/><G128/><T14/><D48/><U83/><E134/><N who="2" m="51819" /><F89/><W118/><G135/><T85/><D85/><U28/><E55/><V104/><F104/><W81/><G81/><T127/><D77/><U25/><E32/><V125/><F80/><W9/><G118/><N who="2" m="45097" /><F75/><W2/><G2/><T70/><D57/><N who="1" m="32911" /><E105/><N who="0" m="39945" /><D61/><U42/><E3/><N who="0" m="1097" /><D6/><U35/><E4/><V65/><F65/><W82/><G82/><T36/><D127/><U71/><E35/><V115/><F30/><W99/><G41/><T98/><D98/><U112/><E112/><V17/><F115/><W31/><G31/><T109/><D15/><U53/><E71/><N who="0" m="27145" /><D14/><U44/><E53/><V90/><F90/><N who="3" m="55703" /><G94/><T102/><D102/><U45/><E42/><V73/><F73/><W79/><G79/><T100/><D100/><U64/><E64/><V10/><F10/><W47/><G47/><T78/><D78/><N who="1" m="46199" /><E103/><V56/><F56/><AGARI ba="1,0" hai="9,11,12,19,20,46,51,54,56,62,67" m="55703" machi="56" ten="30,1000,0" yaku="8,1" doraHai="24" who="3" fromWho="2" sc="29,0,548,0,316,-13,107,13" /><INIT seed="6,0,0,1,1,109" ten="29,548,303,120" oya="2" hai0="77,110,53,94,87,54,102,91,46,15,121,64,70" hai1="69,62,60,114,31,135,75,118,38,27,125,103,117" hai2="26,119,6,100,10,55,89,17,49,48,19,128,133" hai3="21,108,123,124,129,35,8,101,99,84,0,13,104"/><V24/><F119/><W9/><G108/><T23/><D110/><U83/><E75/><V51/><F133/><W111/><G111/><T71/><D121/><U61/><E135/><V44/><F128/><W59/><G123/><T98/><D64/><U3/><E114/><V18/><F100/><W107/><G129/><T95/><D46/><U90/><E3/><V79/><F79/><W63/><G124/><T1/><D1/><U120/><E125/><V33/><F33/><W67/><G35/><T66/><D66/><U12/><E120/><V134/><F134/><W28/><G0/><T2/><D2/><U14/><E69/><V106/><F106/><W20/><G84/><T86/><D15/><U41/><E38/><V115/><F115/><W74/><G74/><T78/><D23/><N who="1" m="15871" /><E118/><V131/><F131/><W85/><G85/><T16/><D102/><U126/><E126/><V127/><F127/><W81/><G81/><T29/><D29/><U22/><E117/><V88/><F6/><W50/><G28/><T43/><D43/><U7/><E41/><V68/><F68/><W32/><G32/><T56/><D56/><U73/><E73/><V116/><F116/><W4/><G8/><T80/><D98/><U76/><E103/><V52/><F44/><W82/><G82/><T72/><D72/><U97/><E7/><V105/><F105/><W39/><G39/><T11/><D80/><U36/><E36/><V42/><F42/><W132/><G132/><T25/><D11/><U47/><E22/><N who="3" m="8810" /><G107/><T130/><D130/><U30/><E30/><V37/><F37/><RYUUKYOKU ba="0,0" sc="29,-10,548,-10,303,-10,120,30" hai3="4,9,13,50,59,63,67,99,101,104" /><INIT seed="7,1,0,2,5,105" ten="19,538,293,150" oya="3" hai0="5,121,10,85,114,45,22,108,55,96,8,18,61" hai1="74,93,7,123,88,23,60,49,53,25,113,80,128" hai2="122,64,9,77,43,135,31,50,35,2,98,106,39" hai3="100,71,16,130,37,95,112,15,91,57,133,27,78"/><W40/><G37/><T70/><D108/><U66/><E123/><V132/><F50/><W118/><G118/><T54/><D121/><U116/><E116/><V1/><F122/><W99/><G71/><T42/><D114/><U69/><E128/><V46/><F77/><W107/><G40/><T79/><D96/><U73/><E113/><V82/><F82/><W19/><G78/><T115/><D115/><U94/><E7/><V0/><F9/><W59/><G130/><T76/><D70/><U41/><E41/><V13/><F13/><W87/><G112/><T83/><D61/><U134/><E134/><V14/><F14/><W52/><G133/><T30/><D30/><U127/><E127/><V103/><REACH who="2" step="1"/><F64/><REACH who="2" ten="19,538,283,150" step="2"/><W67/><G67/><T104/><D79/><U75/><E80/><V111/><F111/><W68/><G15/><T131/><D10/><U20/><E73/><V102/><F102/><W117/><G68/><T32/><D131/><U63/><E74/><V101/><F101/><W48/><G117/><T119/><D119/><U21/><E75/><V36/><F36/><W26/><G59/><T92/><D104/><U126/><E126/><V56/><F56/><W124/><G124/><T58/><D58/><U51/><E49/><V12/><F12/><W11/><G100/><T90/><D8/><U44/><E51/><V86/><F86/><W84/><G107/><T24/><D5/><U3/><E69/><V81/><F81/><W72/><G72/><N who="0" m="43399" /><D32/><U38/><E3/><V4/><F4/><W62/><G11/><T28/><D28/><U89/><E38/><RYUUKYOKU ba="1,1" sc="19,15,538,-15,283,15,150,-15" hai0="18,22,24,42,45,54,55,85,90,92" hai2="0,1,2,31,35,39,43,46,98,103,106,132,135" owari="34,-47,533,63,298,10,135,-26" /></mjloggm>