<mjloggm ver="2.3"><GO type="137" lobby="0"/><UN n0="%6D%6F%6E%74%65" n1="%E3%81%AF%E3%81%A4%E3%81%9B%E3%81%AE%E4%B8%8B%E5%83%95" n2="%E9%9B%A8%E5%A4%AA%E9%83%8E" n3="%E7%95%99%E8%90%8C" dan="11,11,9,12" rate="1623.09,1638.94,1554.62,1607.26" sx="M,M,M,M"/><TAIKYOKU oya="0"/><INIT seed="0,0,0,0,1,5" ten="250,250,250,250" oya="0" hai0="134,66,108,93,111,7,53,15,92,121,76,103,44" hai1="37,47,114,58,75,70,2,80,123,91,12,125,129" hai2="101,89,24,29,135,8,42,131,127,68,90,117,82" hai3="30,45,39,49,61,62,86,85,126,98,96,57,31"/><T0/><D121/><U43/><E123/><V34/><F117/><W32/><G126/><T78/><D0/><U128/><E70/><V21/><F68/><W25/><G30/><T3/><D3/><U81/><E125/><V28/><F127/><W132/><G132/><T52/><D66/><U69/><E69/><V84/><F101/><W16/><G39/><T50/><D134/><U33/><E33/><V60/><F135/><W23/><G98/><N who="0" m="59847" /><D53/><U17/><E2/><V14/><F131/><W55/><G96/><T59/><D93/><U18/><E18/><V20/><F34/><W94/><G94/><T87/><D87/><U11/><E114/><V65/><F42/><W116/><G116/><T120/><D59/><U4/><E4/><N who="2" m="3335" /><F65/><W73/><G73/><T109/><D120/><U10/><E58/><V95/><F60/><W63/><REACH who="3" step="1"/><G45/><REACH who="3" ten="250,250,250,240" step="2"/><T110/><N who="0" m="28160" /><DORA hai="41" /><T83/><D83/><N who="1" m="31819" /><E75/><V99/><F95/><W6/><G6/><T115/><D115/><U122/><E122/><V1/><F99/><W97/><G97/><T67/><D67/><U72/><E72/><V130/><F1/><W113/><G113/><T133/><D133/><U71/><E71/><V112/><F112/><W19/><G19/><T22/><D22/><U27/><E129/><V79/><F130/><W48/><G48/><T51/><D51/><N who="1" m="27135" /><E128/><V54/><F54/><W106/><G106/><T46/><D46/><U74/><E74/><V56/><F56/><W40/><G40/><T102/><D102/><U64/><E37/><V124/><F124/><W35/><G35/><T119/><D119/><RYUUKYOKU ba="0,1" sc="250,10,250,-30,250,10,240,10" hai0="7,15,44,50,52,76,78" hai2="20,21,24,28,29,79,82,84,89,90" hai3="16,23,25,31,32,49,55,57,61,62,63,85,86" /><INIT seed="0,1,1,1,2,109" ten="260,220,260,250" oya="0" hai0="88,43,118,93,106,29,68,18,120,44,17,35,131" hai1="48,110,28,95,86,69,74,52,77,115,105,40,133" hai2="59,66,122,121,39,42,5,36,12,25,58,71,56" hai3="32,123,117,51,49,27,96,119,41,31,107,65,126"/><T22/><D120/><U3/><E69/><V4/><F25/><W26/><G123/><T21/><D68/><U45/><E105/><V132/><F12/><W114/><G65/><T76/><D106/><U81/><E115/><V14/><F14/><W50/><G41/><T124/><D118/><U129/><E3/><V57/><F5/><W55/><G26/><T116/><D116/><U54/><E129/><V20/><F20/><W1/><G1/><T87/><D131/><U11/><E110/><V103/><F4/><W0/><G0/><T46/><D35/><U97/><E11/><V75/><F75/><W37/><G114/><T94/><D124/><U2/><E2/><V98/><F103/><W128/><G37/><T16/><D76/><U19/><E19/><N who="0" m="4865" /><T6/><DORA hai="113" /><D6/><U62/><E28/><V47/><F98/><W70/><G70/><T108/><D108/><U15/><E15/><V80/><F80/><W23/><G107/><T89/><D29/><U53/><E133/><V60/><F132/><W61/><G96/><N who="0" m="57383" /><D43/><U99/><E99/><V92/><F92/><W125/><G32/><T24/><D24/><U82/><E62/><N who="2" m="40407" /><F36/><W84/><G84/><T134/><D134/><U135/><E135/><V7/><F7/><W130/><G61/><T104/><D104/><U13/><E13/><V79/><F79/><W101/><G130/><T112/><D112/><U38/><E74/><V64/><AGARI ba="1,1" hai="39,42,47,56,57,58,59,60,64,121,122" m="40407" machi="64" ten="30,2000,0" yaku="34,2" doraHai="109,113" who="2" fromWho="2" sc="260,-11,220,-6,260,33,250,-6" /><INIT seed="1,0,0,5,4,0" ten="249,214,293,244" oya="1" hai0="64,26,123,117,116,122,102,25,29,6,27,28,48" hai1="67,63,33,9,135,108,79,126,80,74,88,31,72" hai2="13,124,115,41,21,24,109,36,30,23,81,16,62" hai3="121,52,2,38,129,130,105,3,1,58,59,46,54"/><U134/><E126/><V90/><F109/><W110/><G105/><T4/><D48/><U82/><E108/><V5/><F124/><W66/><G110/><T57/><D102/><U20/><E33/><V22/><F115/><W45/><G121/><N who="0" m="46091" /><D57/><N who="3" m="21513" /><G66/><T119/><D64/><U75/><E9/><N who="2" m="4271" /><F36/><W70/><G70/><T10/><D10/><U83/><E67/><V60/><F41/><W128/><G38/><T44/><D44/><AGARI ba="0,0" hai="1,2,3,44,45,46,52,54,128,129,130" m="21513" machi="44" ten="40,8000,1" yaku="28,2,19,1,54,1" doraHai="0" who="3" fromWho="0" sc="249,-80,214,0,293,0,244,80" /><INIT seed="2,0,0,2,2,25" ten="169,214,293,324" oya="2" hai0="71,5,29,34,9,103,24,37,130,47,87,14,120" hai1="94,127,81,131,0,27,45,6,26,17,96,85,97" hai2="64,86,33,58,98,77,13,54,4,38,108,63,31" hai3="116,88,90,92,2,65,49,93,7,125,40,35,53"/><V50/><F38/><W95/><G116/><T113/><D120/><U22/><E127/><V132/><F98/><W117/><G117/><T28/><D113/><U10/><E131/><V112/><F112/><W110/><G125/><T20/><D130/><U133/><E133/><V118/><F118/><W19/><G110/><T8/><D71/><U44/><E26/><V16/><F4/><W18/><G65/><T68/><D68/><U104/><E104/><V134/><F108/><W114/><G114/><T111/><D103/><U91/><REACH who="1" step="1"/><E97/><REACH who="1" ten="169,204,293,324" step="2"/><V62/><F134/><W74/><G35/><T61/><D111/><U121/><E121/><V84/><F132/><W70/><G70/><T12/><D37/><U41/><E41/><V135/><F135/><W115/><G40/><T82/><D34/><U67/><E67/><V56/><F33/><W57/><G115/><T60/><D47/><U48/><E48/><V1/><F50/><W107/><G107/><T30/><D61/><U3/><E3/><V126/><F126/><W80/><G2/><T55/><D60/><U75/><E75/><V39/><F1/><W78/><G7/><N who="0" m="3103" /><D55/><U23/><E23/><N who="2" m="11663" /><F39/><W128/><G128/><T21/><D21/><U106/><E106/><V69/><F69/><W72/><G72/><T122/><D122/><U73/><E73/><V124/><F124/><W100/><G100/><AGARI ba="0,1" hai="0,6,10,17,22,27,44,45,81,85,91,94,96,100" machi="100" ten="30,2000,0" yaku="1,1,7,1,53,0" doraHai="25" doraHaiUra="123" who="1" fromWho="3" sc="169,0,204,30,293,0,324,-20" /><INIT seed="3,0,0,4,1,105" ten="169,234,293,304" oya="3" hai0="3,50,42,107,34,124,1,54,103,62,89,134,43" hai1="113,131,46,26,33,127,123,91,87,104,90,119,66" hai2="125,64,20,120,24,96,70,60,68,117,83,58,114" hai3="93,57,118,78,41,82,39,55,92,101,128,53,40"/><W76/><G118/><T31/><D124/><U112/><E123/><V9/><F117/><W108/><G128/><T80/><D134/><U17/><E119/><V130/><F125/><W63/><G53/><T121/><D121/><U6/><E104/><V111/><F130/><W74/><G78/><T21/><D34/><U37/><E127/><V133/><F120/><W67/><G108/><T52/><D3/><U7/><E66/><V51/><F111/><W13/><G13/><T27/><D1/><U49/><E37/><V95/><F133/><W98/><G93/><T14/><D103/><U81/><E91/><V29/><F114/><W79/><G79/><T126/><D107/><U77/><E77/><V69/><F51/><W88/><G39/><T12/><D126/><U102/><E102/><V100/><F83/><W23/><G23/><T86/><D54/><U5/><E131/><V135/><F135/><W56/><REACH who="3" step="1"/><G101/><REACH who="3" ten="169,234,293,294" step="2"/><T110/><D110/><U94/><E112/><V19/><F9/><W16/><G16/><AGARI ba="0,1" hai="16,19,20,24,29,58,60,64,68,69,70,95,96,100" machi="16" ten="40,5200,0" yaku="25,2,54,1" doraHai="105" who="2" fromWho="3" sc="169,0,234,0,293,62,294,-52" /><INIT seed="4,0,0,5,2,118" ten="169,234,355,242" oya="0" hai0="0,13,109,32,85,81,34,71,39,51,48,73,89" hai1="47,78,49,108,102,58,30,94,45,75,129,46,87" hai2="134,123,99,66,103,135,90,1,111,88,24,72,6" hai3="131,130,113,74,37,122,59,25,54,57,42,112,126"/><T91/><D39/><U116/><E116/><V12/><F72/><W17/><G74/><T61/><D0/><U29/><E108/><V21/><F111/><W80/><G80/><T60/><D109/><U22/><E75/><V82/><F1/><W9/><G122/><T19/><D73/><U38/><E38/><V40/><F40/><W7/><G25/><T23/><D34/><U83/><E129/><N who="3" m="49162" /><G17/><T50/><D32/><U124/><E124/><V31/><F66/><W96/><G96/><T62/><D71/><U133/><E133/><N who="2" m="50699" /><F82/><W107/><G107/><T18/><REACH who="0" step="1"/><D18/><REACH who="0" ten="159,234,355,242" step="2"/><U70/><E70/><V127/><F127/><W26/><G37/><T44/><D44/><U63/><E30/><V67/><F6/><W105/><G126/><T55/><D55/><U119/><E119/><V35/><F35/><W104/><G42/><T27/><D27/><U69/><E69/><V8/><F67/><W77/><G26/><T132/><D132/><U64/><E29/><V114/><F12/><N who="3" m="5183" /><G77/><AGARI ba="0,1" hai="13,19,23,48,50,51,60,61,62,77,81,85,89,91" machi="77" ten="40,3900,0" yaku="1,1,8,1,53,0" doraHai="118" doraHaiUra="65" who="0" fromWho="3" sc="159,49,234,0,355,0,242,-39" /><INIT seed="4,1,0,2,5,70" ten="208,234,355,203" oya="0" hai0="117,133,43,115,112,28,113,47,90,66,124,21,3" hai1="51,67,101,53,96,106,46,6,81,87,132,80,22" hai2="98,18,35,114,13,63,12,41,129,25,97,15,29" hai3="59,68,40,128,116,24,19,38,2,125,52,91,1"/><T20/><D3/><U31/><E132/><V84/><F114/><N who="0" m="29186" /><T14/><DORA hai="118" /><D117/><U60/><E6/><V110/><F129/><W92/><G116/><T89/><D133/><U65/><E81/><V44/><F110/><W55/><G68/><T74/><D74/><U39/><E31/><V34/><F63/><W131/><G125/><T105/><D105/><U8/><E8/><V134/><F134/><W48/><G1/><T85/><D124/><U86/><E86/><V17/><F35/><W94/><G2/><T61/><D28/><U77/><E22/><N who="0" m="8809" /><D14/><U69/><E65/><V93/><F84/><W9/><G55/><T121/><D121/><U64/><REACH who="1" step="1"/><E67/><REACH who="1" ten="208,224,355,203" step="2"/><V73/><F73/><W76/><G76/><T11/><D11/><U62/><E62/><V30/><F30/><W37/><G9/><T23/><D23/><U50/><E50/><V32/><F32/><W42/><G48/><N who="0" m="26751" /><D85/><U7/><E7/><V5/><F5/><W45/><G59/><AGARI ba="1,1" hai="59,61,66,89,90" m="26751,8809,29186" machi="59" ten="40,2000,0" yaku="15,1" doraHai="70,118" who="0" fromWho="3" sc="208,33,224,0,355,0,203,-23" /><INIT seed="4,2,0,0,3,63" ten="241,224,355,180" oya="0" hai0="23,30,28,4,112,57,98,111,39,77,70,102,126" hai1="24,96,100,115,55,107,105,133,50,128,123,67,43" hai2="20,45,97,44,5,2,18,122,38,10,27,124,129" hai3="8,104,121,11,118,84,46,134,106,114,82,64,108"/><T0/><D39/><U62/><E123/><V48/><F122/><W73/><G121/><T59/><D77/><U31/><E128/><V3/><F129/><W49/><G118/><T29/><D4/><U125/><E43/><V14/><F124/><W74/><G108/><T17/><D0/><U83/><E83/><V53/><F97/><W132/><G114/><T26/><D70/><U117/><E125/><V25/><F25/><W68/><G11/><T89/><D111/><U101/><E101/><V79/><F79/><W110/><G110/><T71/><D71/><U66/><E117/><V81/><F81/><W52/><G8/><T85/><D112/><U21/><E115/><V42/><AGARI ba="2,0" hai="2,3,5,10,14,18,20,27,38,42,44,45,48,53" machi="42" ten="30,1100,0" yaku="0,1" doraHai="63" who="2" fromWho="2" sc="241,-7,224,-5,355,17,180,-5" /><INIT seed="5,0,0,5,4,105" ten="234,219,372,175" oya="1" hai0="37,74,126,17,53,29,57,1,40,38,94,85,59" hai1="81,69,70,130,33,82,113,23,78,50,30,108,35" hai2="79,34,45,43,131,62,65,7,96,24,124,51,119" hai3="21,46,114,123,121,12,110,122,55,2,20,80,92"/><U84/><E108/><V31/><F119/><W71/><G2/><T39/><D74/><U115/><E130/><V47/><F131/><W128/><G71/><T112/><D1/><U67/><E50/><V0/><F96/><W41/><G80/><T25/><D112/><N who="1" m="43083" /><E81/><V5/><F124/><W89/><G114/><T88/><D126/><U116/><E116/><V95/><F95/><W129/><G110/><T16/><D40/><U106/><E106/><V28/><F79/><W36/><G55/><T91/><D91/><U109/><E109/><V54/><F28/><W15/><G92/><T132/><D59/><U60/><E69/><V11/><F5/><W27/><G89/><T26/><D132/><U10/><E10/><V111/><F111/><W72/><G72/><T18/><REACH who="0" step="1"/><D29/><REACH who="0" ten="224,219,372,175" step="2"/><U32/><E23/><V135/><F135/><W97/><G129/><T8/><D8/><U64/><E64/><V127/><F127/><W22/><G128/><T102/><D102/><U90/><E90/><V133/><F133/><W19/><G97/><T134/><D134/><U93/><E93/><V42/><REACH who="2" step="1"/><F47/><REACH who="2" ten="224,219,362,175" step="2"/><W68/><G123/><T75/><D75/><U103/><E103/><V49/><F49/><AGARI ba="0,2" hai="16,17,18,25,26,37,38,39,49,53,57,85,88,94" machi="49" ten="50,6400,0" yaku="1,1,54,2,53,0" doraHai="105" doraHaiUra="104" who="0" fromWho="2" sc="224,84,219,0,362,-64,175,0" /><INIT seed="6,0,0,3,0,2" ten="308,219,298,175" oya="2" hai0="26,44,34,100,57,28,113,121,43,50,99,104,68" hai1="83,80,94,112,17,128,125,133,9,129,124,51,117" hai2="73,103,39,111,52,81,66,11,19,10,101,0,56" hai3="130,59,115,16,3,32,78,25,132,108,71,55,69"/><V86/><F39/><W93/><G108/><T46/><D121/><U105/><E51/><V107/><F111/><W106/><G106/><T88/><D113/><U126/><E9/><V37/><F37/><W14/><G115/><T92/><D46/><U13/><E112/><V65/><F107/><W116/><G116/><T53/><D68/><U30/><E30/><V131/><F0/><W58/><G3/><T18/><D18/><U38/><E17/><V79/><F131/><N who="1" m="50249" /><E13/><N who="2" m="7607" /><F73/><W120/><G130/><T67/><D67/><N who="2" m="25610" /><F11/><W48/><G120/><T76/><D76/><U118/><E38/><V61/><AGARI ba="0,0" hai="52,56,61,79,81,86,101,103" m="25610,7607" machi="61" ten="30,3000,0" yaku="8,1,54,1" doraHai="2" who="2" fromWho="2" sc="308,-10,219,-10,298,30,175,-10" /><INIT seed="6,1,0,2,5,24" ten="298,209,328,165" oya="2" hai0="87,34,117,120,63,46,51,115,56,7,20,99,116" hai1="49,9,15,39,121,107,94,111,72,84,68,97,122" hai2="79,125,33,114,27,82,88,89,126,21,66,29,81" hai3="11,105,35,19,65,22,48,98,86,41,131,54,4"/><V92/><F66/><W53/><G35/><T93/><D120/><U52/><E72/><V69/><F69/><W47/><G131/><T67/><D34/><U71/><E39/><V64/><F64/><W14/><G65/><T123/><D123/><U110/><E121/><V36/><F36/><W75/><G75/><T70/><D87/><U62/><E122/><V26/><F114/><W95/><G105/><T50/><D7/><U32/><E32/><V8/><F8/><W2/><G86/><T106/><D106/><U130/><E130/><V90/><F92/><W73/><G73/><T45/><D70/><U118/><E118/><V6/><F6/><W37/><G37/><T12/><D115/><U1/><E1/><V57/><F57/><W28/><G28/><T96/><D99/><U129/><E129/><V103/><F103/><AGARI ba="1,0" hai="2,4,11,14,19,22,41,47,48,53,54,95,98,103" machi="103" ten="30,1000,0" yaku="7,1" doraHai="24" who="3" fromWho="2" sc="298,0,209,0,328,-13,165,13" /><INIT seed="7,0,0,1,5,127" ten="298,209,315,178" oya="3" hai0="103,63,4,74,122,69,65,52,77,107,30,110,7" hai1="59,67,51,27,125,11,72,15,47,25,12,101,38" hai2="83,49,118,134,86,5,58,57,108,28,36,71,56" hai3="31,40,73,80,93,8,53,117,46,55,91,109,94"/><W34/><G117/><T78/><D122/><U45/><E125/><V106/><F118/><W102/><G73/><T9/><D110/><U96/><E72/><V37/><F108/><W61/><G109/><T26/><D7/><U13/><E38/><V6/><F106/><W87/><G34/><T50/><D74/><U130/><E11/><V88/><F71/><W82/><G31/><T100/><D103/><U98/><E98/><V10/><F134/><W121/><G121/><T92/><D9/><U3/><E3/><V75/><F75/><W22/><G22/><T129/><D4/><N who="2" m="1642" /><F36/><W60/><G8/><T76/><D129/><U17/><E17/><V111/><F37/><W97/><G40/><T29/><D92/><U32/><E32/><V16/><F111/><W21/><G21/><T43/><D43/><U131/><E67/><V64/><F28/><W85/><G85/><T112/><D112/><U123/><E123/><V41/><F41/><W105/><G105/><T48/><D50/><U39/><E39/><V113/><F113/><W35/><G35/><T44/><REACH who="0" step="1"/><D26/><REACH who="0" ten="288,209,315,178" step="2"/><N who="1" m="9739" /><E51/><V19/><F49/><N who="3" m="28855" /><G55/><T119/><D119/><U114/><E114/><V42/><F10/><W124/><G124/><T126/><D126/><U116/><E116/><V2/><F42/><W99/><G99/><AGARI ba="0,1" hai="29,30,44,48,52,63,65,69,76,77,78,99,100,107" machi="99" ten="40,2600,0" yaku="1,1,54,1,53,0" doraHai="127" doraHaiUra="90" who="0" fromWho="3" sc="288,36,209,0,315,0,178,-26" owari="324,42,209,-19,315,12,152,-35" /></mjloggm>