<mjloggm ver="2.3"><GO type="137" lobby="0"/><UN n0="%4E%6F%2C%4E%61%6D%65" n1="%E3%83%95%E3%83%AA%E3%82%B3%E3%83%9F%E7%94%B7%E7%88%B5" n2="%E7%95%99%E8%90%8C" n3="%72%5F%72%5F%72%5F%72" dan="13,11,12,10" rate="1768.85,1564.64,1580.12,1706.38" sx="M,M,M,M"/><TAIKYOKU oya="0"/><INIT seed="0,0,0,1,4,39" ten="250,250,250,250" oya="0" hai0="8,97,134,53,44,63,16,112,129,108,121,109,40" hai1="4,91,87,11,2,90,29,70,25,61,100,66,95" hai2="132,75,1,48,82,54,20,101,77,99,86,71,135" hai3="7,88,72,127,10,114,13,93,119,98,55,62,28"/><T38/><D38/><U41/><BYE who="0" /><E100/><V131/><F71/><W34/><G72/><T83/><D83/><U37/><E91/><V104/><F1/><W42/><G119/><T76/><D76/><U110/><E110/><V49/><F75/><UN n0="%4E%6F%2C%4E%61%6D%65" /><W89/><G114/><T18/><D112/><U111/><E111/><N who="0" m="42569" /><D121/><U67/><E67/><V27/><F131/><W122/><G122/><T45/><D45/><U23/><REACH who="1" step="1"/><E37/><REACH who="1" ten="250,240,250,250" step="2"/><V58/><REACH who="2" step="1"/><F48/><REACH who="2" ten="250,240,240,250" step="2"/><W36/><G89/><T50/><D129/><U64/><E64/><V14/><F14/><W94/><G127/><T21/><D50/><U0/><E0/><V79/><F79/><W24/><G36/><T107/><D63/><U125/><E125/><V47/><F47/><W96/><G34/><T12/><D44/><U68/><E68/><V26/><F26/><W105/><G24/><T84/><D134/><U33/><E33/><V118/><F118/><W116/><G116/><T22/><D107/><U74/><E74/><V120/><F120/><W115/><G115/><T15/><D8/><U130/><E130/><V128/><F128/><W60/><G105/><T43/><D97/><U31/><E31/><AGARI ba="0,2" hai="20,27,31,49,54,58,77,82,86,99,101,104,132,135" machi="31" ten="40,1300,0" yaku="1,1,53,0" doraHai="39" doraHaiUra="85" who="2" fromWho="1" sc="250,0,240,-13,240,33,250,0" /><INIT seed="1,0,0,4,4,113" ten="250,227,273,250" oya="1" hai0="124,112,30,130,18,11,114,22,41,101,53,4,69" hai1="27,71,118,103,102,123,115,34,20,5,87,36,85" hai2="105,24,127,78,21,84,125,33,8,44,100,128,59" hai3="40,99,13,32,29,120,108,89,28,107,83,75,94"/><U91/><E115/><V96/><F33/><W98/><G120/><T80/><D69/><U70/><E123/><V56/><F8/><W46/><G108/><T122/><D122/><U61/><E34/><V88/><F78/><W129/><G129/><T0/><D101/><U7/><E36/><V62/><F44/><W49/><G32/><T135/><D130/><U132/><E132/><V25/><F128/><W86/><G107/><T95/><D135/><U74/><E74/><V10/><F10/><W121/><G75/><T92/><D41/><U73/><E73/><V48/><F48/><W68/><G68/><T50/><D112/><U117/><E61/><V63/><F24/><W52/><G99/><T39/><D114/><U35/><E35/><V72/><F72/><W17/><G40/><T19/><D39/><U57/><E57/><V6/><F6/><W26/><G26/><T77/><D4/><U104/><E104/><V93/><F25/><W106/><G106/><T3/><D0/><U15/><E15/><V58/><REACH who="2" step="1"/><F21/><REACH who="2" ten="250,227,263,250" step="2"/><W51/><G51/><T111/><D22/><U12/><E27/><V81/><F81/><W76/><G121/><T54/><D80/><U2/><E20/><AGARI ba="0,1" hai="13,17,20,28,29,46,49,52,76,83,86,89,94,98" machi="20" ten="30,3900,0" yaku="7,1,8,1,54,1" doraHai="113" who="3" fromWho="1" sc="250,0,227,-39,263,0,250,49" /><INIT seed="2,0,0,0,0,103" ten="250,188,263,299" oya="2" hai0="38,77,76,63,114,25,24,104,52,57,18,48,32" hai1="94,3,27,6,118,30,19,71,125,1,13,65,46" hai2="5,106,61,83,84,120,101,100,74,119,0,112,78" hai3="2,96,66,29,97,9,116,49,54,107,34,127,55"/><V113/><BYE who="1" /><F113/><W86/><G116/><T92/><D114/><U23/><E23/><V62/><F112/><W53/><G127/><T64/><D104/><U90/><E90/><V110/><F120/><W99/><G107/><T43/><D92/><U87/><E87/><V8/><F119/><W130/><G66/><T108/><D108/><U70/><E70/><V37/><F37/><W126/><G130/><T4/><D4/><U69/><E69/><V85/><F110/><W26/><G126/><T47/><D25/><U109/><E109/><V122/><F122/><W81/><G9/><T111/><D111/><U88/><E88/><V79/><F106/><W129/><G2/><T15/><D24/><U41/><E41/><V80/><REACH who="2" step="1"/><F74/><REACH who="2" ten="250,188,253,299" step="2"/><W121/><G121/><T22/><D32/><U21/><E21/><V16/><F16/><W7/><G129/><T58/><AGARI ba="0,1" hai="15,18,22,38,43,47,48,52,57,58,63,64,76,77" machi="58" ten="20,2700,0" yaku="0,1,7,1,54,1" doraHai="103" who="0" fromWho="0" sc="250,37,188,-7,253,-13,299,-7" /><INIT seed="3,0,0,3,2,114" ten="287,181,240,292" oya="3" hai0="23,33,53,36,3,99,35,89,30,7,0,128,97" hai1="57,71,24,123,39,14,66,31,19,51,76,115,55" hai2="93,46,18,69,95,64,32,61,106,127,52,20,112" hai3="54,21,70,92,4,48,11,98,94,129,118,133,104"/><W25/><G70/><T42/><D128/><U132/><E132/><V60/><F112/><W84/><G133/><T9/><D3/><U28/><E28/><V1/><F106/><W134/><G134/><T68/><D68/><U41/><E41/><V122/><F122/><W73/><G73/><T27/><D35/><U5/><E5/><V130/><F32/><W109/><G104/><T29/><D33/><U81/><E81/><V107/><F107/><W67/><G67/><T102/><D29/><U85/><E85/><V120/><F120/><W50/><G129/><T80/><D53/><U26/><E26/><V38/><F38/><W6/><BYE who="2" /><G84/><T8/><D102/><U116/><E116/><V105/><F105/><W90/><G94/><T45/><REACH who="0" step="1"/><D9/><REACH who="0" ten="277,181,240,292" step="2"/><U44/><E44/><V103/><F103/><W43/><G54/><T12/><D12/><U88/><E88/><V49/><F49/><W75/><G43/><T72/><D72/><U126/><E126/><V2/><F2/><W58/><G11/><T59/><D59/><U74/><E74/><V17/><F17/><W113/><G75/><T22/><D22/><U63/><E63/><V96/><F96/><W121/><G113/><T82/><D82/><U119/><E119/><V15/><F15/><W100/><G121/><T83/><D83/><U124/><E124/><V78/><F78/><W47/><G118/><T10/><D10/><U131/><E131/><V108/><F108/><W77/><G77/><T110/><D110/><U40/><E40/><V65/><F65/><W16/><G109/><T87/><AGARI ba="0,1" hai="0,7,8,23,27,30,36,42,45,80,87,89,97,99" machi="87" ten="30,4000,0" yaku="1,1,5,1,0,1,53,0" doraHai="114" doraHaiUra="135" who="0" fromWho="0" sc="277,50,181,-10,240,-10,292,-20" /><INIT seed="4,0,0,5,2,68" ten="327,171,230,272" oya="0" hai0="122,34,78,5,107,37,126,12,116,127,110,104,61" hai1="29,43,91,10,94,44,57,1,100,52,112,87,81" hai2="23,119,41,111,28,0,120,135,16,97,106,82,46" hai3="42,25,79,30,75,98,35,101,63,69,133,22,118"/><T27/><D122/><U115/><E115/><V88/><F88/><W123/><G118/><T47/><D116/><U80/><E80/><V64/><F64/><W59/><G123/><UN n2="%E7%95%99%E8%90%8C" /><T3/><D78/><U19/><E19/><V99/><F120/><W95/><G133/><T103/><D110/><U124/><E124/><N who="0" m="47657" /><D3/><U90/><E90/><V15/><F111/><W134/><G69/><T105/><D61/><U67/><E67/><V45/><F0/><W48/><G134/><T86/><D86/><U92/><E92/><V49/><F135/><W66/><G35/><T70/><D70/><U72/><E72/><V71/><F119/><W108/><G108/><T51/><D103/><U32/><E32/><V114/><F71/><W129/><G129/><T73/><D73/><U54/><E54/><V21/><F114/><W60/><G75/><T7/><D7/><U33/><E33/><V130/><F130/><W31/><G63/><T83/><D83/><U62/><E62/><V2/><F82/><W24/><G79/><T50/><D50/><U102/><E102/><V55/><F2/><W74/><G74/><T20/><D34/><U117/><E117/><V53/><F53/><BYE who="2" /><W58/><G25/><T125/><D125/><U96/><E96/><V14/><F14/><W131/><G131/><T121/><D121/><U26/><E26/><V84/><F84/><W4/><G31/><N who="0" m="17895" /><D12/><U128/><E128/><V76/><F76/><W8/><G58/><UN n2="%E7%95%99%E8%90%8C" /><T9/><D9/><U89/><E89/><V11/><F106/><W40/><G48/><T17/><D5/><U77/><E77/><RYUUKYOKU ba="0,0" sc="327,-10,171,-10,230,-10,272,30" hai3="4,8,22,24,30,40,42,59,60,66,95,98,101" /><INIT seed="5,1,0,3,2,111" ten="317,161,220,302" oya="1" hai0="117,100,85,76,67,103,37,18,10,2,50,114,91" hai1="112,135,87,33,11,16,25,118,108,116,89,71,127" hai2="6,56,55,73,75,15,96,97,99,61,32,86,124" hai3="43,113,30,0,31,78,93,107,66,88,131,51,80"/><U48/><E48/><V120/><F32/><W42/><G107/><T74/><D37/><U102/><E102/><V59/><F120/><W19/><G0/><T110/><D117/><U40/><E40/><V95/><F124/><W82/><G131/><T109/><D67/><U39/><E39/><V45/><F45/><W7/><G7/><T104/><D110/><U77/><E77/><V64/><F73/><W52/><G66/><T106/><D109/><U22/><E22/><V62/><F75/><W27/><G31/><T125/><D50/><U115/><E115/><V132/><F132/><W129/><G129/><T60/><D125/><U54/><E54/><V94/><REACH who="2" step="1"/><F86/><REACH who="2" ten="317,161,210,302" step="2"/><W133/><G133/><T49/><D85/><U23/><E23/><V26/><F26/><W69/><G69/><T46/><D74/><U14/><E14/><V101/><F101/><W5/><G78/><T105/><D76/><U17/><E17/><V121/><F121/><W65/><G65/><T72/><D72/><U36/><E36/><V130/><F130/><W122/><G122/><T70/><D103/><U47/><E47/><V20/><F20/><W8/><G8/><AGARI ba="1,1" hai="6,8,15,55,56,59,61,62,64,94,95,96,97,99" machi="8" ten="40,2600,0" yaku="1,1,8,1,53,0" doraHai="111" doraHaiUra="38" who="2" fromWho="3" sc="317,0,161,0,210,39,302,-29" /><INIT seed="6,0,0,0,0,72" ten="317,161,249,273" oya="2" hai0="114,62,98,54,18,0,67,77,39,81,80,109,92" hai1="36,106,112,31,125,50,120,70,45,74,3,82,14" hai2="122,43,79,68,16,94,89,83,48,110,53,123,75" hai3="32,69,126,96,60,37,59,30,22,15,26,71,134"/><V131/><F68/><W33/><G37/><T52/><D39/><U85/><E85/><V129/><F43/><W121/><G121/><T90/><D109/><U2/><E2/><V25/><F110/><W41/><G41/><T8/><D114/><U127/><E127/><V38/><F38/><W78/><G126/><T101/><D81/><U66/><E66/><V65/><F65/><W97/><G33/><T42/><D42/><U73/><E73/><V76/><F76/><W119/><G119/><T128/><D128/><N who="2" m="49226" /><F123/><W44/><G44/><T28/><D28/><U9/><E9/><V107/><F107/><W47/><G47/><T11/><D0/><U29/><E29/><V7/><F122/><W86/><G134/><T46/><D101/><U93/><E93/><V102/><F7/><W113/><G113/><T4/><D46/><U104/><E104/><V91/><F16/><W34/><G32/><T130/><D130/><U61/><E61/><V108/><F108/><W23/><G71/><T105/><D105/><U95/><E95/><V19/><F19/><W117/><G69/><T115/><D115/><U55/><E55/><V21/><F21/><W13/><G117/><T132/><D132/><U116/><E116/><V56/><F25/><W99/><G34/><T111/><D111/><U63/><E63/><V24/><F24/><W12/><G30/><T49/><D18/><U5/><E5/><V40/><F40/><W51/><G26/><T27/><D4/><U124/><E124/><V88/><F102/><W57/><G51/><T6/><D27/><U133/><E133/><RYUUKYOKU ba="0,0" sc="317,-10,161,-10,249,30,273,-10" hai2="48,53,56,75,79,83,88,89,91,94" /><INIT seed="6,1,0,0,3,125" ten="307,151,279,263" oya="2" hai0="66,23,35,6,24,114,117,63,47,34,0,124,100" hai1="123,57,17,45,65,41,89,103,49,71,15,58,76" hai2="18,134,37,116,21,54,109,55,115,25,102,8,79" hai3="112,70,111,83,110,14,122,98,39,104,108,105,127"/><V88/><F116/><W67/><G122/><T16/><D124/><U38/><E38/><V118/><F118/><W107/><G14/><T101/><D117/><U20/><E20/><V73/><F37/><W94/><G39/><T91/><D47/><U133/><E133/><V132/><F102/><W106/><G127/><T80/><D35/><U119/><E119/><V99/><F115/><W9/><G9/><T72/><D114/><U40/><E40/><V59/><F109/><W61/><G112/><T7/><D34/><U5/><E5/><V50/><F54/><W30/><G83/><T1/><D1/><U27/><E27/><V32/><F32/><W26/><N who="3" m="27136" /><DORA hai="60" /><W11/><G11/><T48/><D48/><U120/><E120/><V33/><F33/><W85/><G85/><T53/><D53/><U64/><E64/><V46/><F73/><W82/><G82/><T68/><D6/><U86/><E86/><V12/><F79/><W90/><REACH who="3" step="1"/><G26/><REACH who="3" ten="307,151,279,253" step="2"/><T87/><D72/><U78/><E78/><V130/><F134/><W51/><G51/><T92/><D0/><U10/><E10/><V131/><F132/><W81/><G81/><T77/><REACH who="0" step="1"/><D7/><REACH who="0" ten="297,151,279,253" step="2"/><U13/><E13/><V135/><F135/><W28/><AGARI ba="1,2" hai="28,30,61,67,70,90,94,98,108,110,111" m="27136" machi="28" ten="70,8000,1" yaku="1,1,0,1,52,1,53,2" doraHai="125,60" doraHaiUra="93,95" who="3" fromWho="3" sc="297,-21,151,-21,279,-41,253,103" /><INIT seed="7,0,0,4,0,4" ten="276,130,238,356" oya="3" hai0="1,135,37,5,14,72,118,15,12,74,51,75,106" hai1="115,32,23,112,20,88,80,19,84,120,16,105,10" hai2="76,134,33,42,83,125,48,57,130,34,62,7,85" hai3="38,117,93,40,99,86,68,67,73,110,81,108,79"/><W77/><G117/><T107/><D37/><U21/><E21/><V54/><F125/><W63/><G77/><T55/><D135/><U36/><E36/><V39/><F134/><W127/><G127/><T61/><D118/><U50/><E50/><V101/><F7/><W52/><G86/><T66/><D1/><U123/><E123/><V131/><F101/><W64/><G67/><T0/><D0/><U97/><E97/><V18/><F18/><W94/><G99/><T2/><D2/><U53/><E53/><V28/><F28/><W25/><G25/><T133/><D133/><U91/><E91/><V87/><F39/><W96/><G38/><T114/><D5/><U90/><E90/><V3/><F3/><W9/><G40/><T113/><D66/><U111/><E111/><N who="3" m="42538" /><G96/><T6/><D61/><U98/><E98/><V46/><F85/><W119/><G119/><T132/><D6/><U58/><E58/><V70/><F70/><W43/><G43/><T49/><D132/><U82/><E82/><V44/><REACH who="2" step="1"/><F46/><REACH who="2" ten="276,130,228,356" step="2"/><W89/><G89/><T100/><D100/><U47/><E47/><V45/><F45/><W24/><G24/><T95/><D95/><U102/><E102/><V103/><F103/><W27/><G27/><T56/><REACH who="0" step="1"/><D51/><REACH who="0" ten="266,130,228,356" step="2"/><U17/><E17/><V129/><AGARI ba="0,2" hai="33,34,42,44,48,54,57,62,76,83,87,129,130,131" machi="129" ten="30,4000,0" yaku="1,1,0,1,19,1,53,0" doraHai="4" doraHaiUra="8" who="2" fromWho="2" sc="266,-10,130,-10,228,60,356,-20" owari="256,-14,120,-38,288,9,336,43" /></mjloggm>