<mjloggm ver="2.3"><GO type="137" lobby="0"/><UN n0="%E3%83%9F%E3%83%A4%E3%82%B7%E3%83%BC" n1="%E9%8A%80%28%E3%81%97%E3%82%8D%E3%81%8C%E3%81%AD%29" n2="%E3%81%BE%E3%83%BC%E3%81%A1%E3%82%83%E3%82%93" n3="%E7%95%99%E8%90%8C" dan="10,11,11,12" rate="1419.05,1677.18,1582.12,1597.61" sx="M,M,M,M"/><TAIKYOKU oya="0"/><INIT seed="0,0,0,1,0,73" ten="250,250,250,250" oya="0" hai0="91,109,135,48,118,83,116,54,122,8,16,92,107" hai1="67,24,60,84,10,49,111,44,134,25,46,120,76" hai2="98,23,39,133,32,21,47,7,35,6,27,125,88" hai3="51,70,56,99,108,38,13,22,19,3,113,50,1"/><T104/><D122/><U100/><E111/><V106/><F125/><W31/><G70/><T26/><D104/><U43/><E134/><V17/><F133/><W12/><G38/><T71/><D135/><U79/><E120/><V11/><F106/><W72/><G72/><T18/><D71/><U74/><E74/><V86/><F98/><W85/><G113/><T126/><D107/><U81/><E100/><V123/><F39/><W117/><G117/><T95/><D126/><U59/><E46/><V131/><F47/><W82/><G99/><T77/><D109/><U68/><E68/><V127/><F127/><W130/><G130/><T58/><D118/><U65/><E65/><V78/><F131/><W53/><G108/><T20/><D116/><U55/><E67/><V87/><F123/><W41/><G31/><T93/><D8/><U114/><E114/><V37/><F37/><W4/><G1/><T45/><D45/><U75/><E75/><V63/><F35/><W103/><G103/><T97/><REACH who="0" step="1"/><D18/><REACH who="0" ten="240,250,250,250" step="2"/><U96/><E10/><V124/><F124/><W66/><G66/><T69/><D69/><U102/><REACH who="1" step="1"/><E79/><REACH who="1" ten="240,240,250,250" step="2"/><V5/><F78/><N who="3" m="46295" /><G3/><T30/><D30/><U15/><E15/><V110/><F110/><W29/><G29/><T52/><D52/><U2/><E2/><V105/><F105/><AGARI ba="0,2" hai="24,25,43,44,49,55,59,60,76,81,84,96,102,105" machi="105" ten="30,3900,0" yaku="1,1,7,1,52,1,53,0" doraHai="73" doraHaiUra="128" who="1" fromWho="2" sc="240,0,240,59,250,-39,250,0" /><INIT seed="1,0,0,0,5,21" ten="240,299,211,250" oya="1" hai0="92,14,109,103,106,6,126,35,134,77,72,108,67" hai1="46,37,29,38,20,16,122,49,79,54,50,120,128" hai2="96,15,45,17,121,125,34,22,41,132,107,12,89" hai3="68,18,88,80,56,62,99,97,73,10,44,43,127"/><U25/><E128/><V47/><F121/><W82/><G68/><T27/><D134/><U69/><E69/><V40/><F125/><W28/><G127/><T23/><D126/><U85/><E122/><V61/><F132/><W95/><G28/><T36/><D36/><U26/><E120/><V87/><F34/><W133/><G73/><T130/><D106/><U70/><E70/><V52/><F107/><W71/><G71/><T63/><D35/><U131/><E131/><V8/><F96/><W94/><G133/><T114/><D130/><U58/><E85/><V33/><F33/><W78/><G62/><T48/><D114/><U90/><E90/><V19/><F45/><W119/><G56/><T9/><D77/><U39/><E79/><V53/><F61/><W57/><G119/><T100/><D72/><U65/><E65/><V24/><F15/><N who="3" m="7543" /><G57/><N who="0" m="37359" /><D48/><U91/><E91/><V11/><F8/><W83/><G78/><T64/><D64/><U74/><E74/><V135/><F40/><W76/><G76/><T110/><D92/><U101/><E101/><V2/><F2/><W84/><G95/><T3/><D3/><U116/><E116/><V59/><F59/><W86/><G86/><T123/><D123/><U104/><E104/><V112/><F112/><W115/><G115/><T98/><D98/><U4/><E4/><V93/><F135/><W111/><G111/><T117/><D117/><U32/><REACH who="1" step="1"/><E50/><AGARI ba="0,0" hai="11,12,17,19,22,24,41,47,50,52,53,87,89,93" machi="50" ten="30,7700,0" yaku="7,1,8,1,52,1,54,1" doraHai="21" who="2" fromWho="1" sc="240,0,299,-77,211,77,250,0" /><AGARI ba="0,0" hai="43,44,50,80,82,83,84,88,94,97,99" m="7543" machi="50" ten="30,2000,0" yaku="8,1,54,1" doraHai="21" who="3" fromWho="1" sc="240,0,222,-20,288,0,250,20" /><INIT seed="2,0,0,3,3,55" ten="240,202,288,270" oya="2" hai0="66,17,129,64,62,134,39,34,76,32,16,69,126" hai1="82,26,77,91,31,46,18,113,28,122,15,96,25" hai2="4,29,116,121,53,27,135,20,131,106,63,41,85" hai3="21,30,115,22,61,2,102,10,107,97,47,75,95"/><V70/><F135/><W24/><G75/><T130/><D76/><U119/><E113/><V78/><F131/><W92/><G115/><T56/><D39/><U37/><E119/><V94/><F121/><W8/><G61/><T109/><D109/><U73/><E122/><V117/><F106/><W19/><G47/><T49/><D126/><U38/><E91/><V35/><F41/><W9/><REACH who="3" step="1"/><G2/><REACH who="3" ten="240,202,288,260" step="2"/><T44/><D134/><U6/><E46/><V80/><F117/><W83/><G83/><T52/><D32/><U108/><E108/><V123/><F116/><W104/><G104/><T114/><D34/><U50/><E82/><V103/><F123/><W128/><G128/><N who="0" m="49259" /><D114/><U89/><E73/><V43/><F70/><W42/><G42/><T125/><D125/><U1/><E1/><V127/><F43/><W40/><G40/><T51/><D62/><U86/><E38/><V132/><F127/><W68/><G68/><T5/><D69/><U13/><E37/><V59/><F132/><W110/><G110/><T90/><D44/><U98/><E50/><V67/><F35/><W93/><G93/><T79/><D49/><U3/><E3/><V88/><F67/><W133/><G133/><T81/><D81/><U14/><E77/><V112/><F112/><W7/><G7/><T105/><D105/><U84/><E6/><V45/><F4/><W36/><G36/><T23/><D79/><U100/><E100/><V58/><F45/><W65/><G65/><N who="0" m="25195" /><D5/><U118/><E118/><V99/><F78/><W57/><G57/><AGARI ba="0,1" hai="20,27,29,53,57,58,59,63,80,85,88,94,99,103" machi="57" ten="40,12000,1" yaku="8,1,52,3,54,1" doraHai="55" who="2" fromWho="3" sc="240,0,202,0,288,130,260,-120" /><INIT seed="2,1,0,3,1,29" ten="240,202,418,140" oya="2" hai0="125,66,80,10,70,47,114,8,98,69,2,89,43" hai1="15,84,41,5,6,27,108,39,48,19,122,7,62" hai2="115,45,132,20,13,78,116,129,53,113,54,103,28" hai3="71,1,26,49,94,51,50,12,11,34,21,24,99"/><V88/><F116/><W135/><G71/><T83/><D114/><U65/><E108/><V134/><F78/><W55/><G135/><N who="2" m="51753" /><F129/><W82/><G82/><T42/><D125/><U127/><E127/><V133/><N who="2" m="51761" /><V14/><DORA hai="104" /><F103/><W37/><G37/><T81/><D98/><U61/><E122/><V95/><F45/><W90/><G1/><T17/><D66/><U109/><E109/><V105/><F105/><W120/><G120/><T76/><D17/><U75/><E75/><V86/><F115/><W23/><G55/><N who="2" m="21001" /><F113/><W101/><G101/><T111/><D111/><U22/><E39/><V67/><F67/><W110/><G110/><T38/><D76/><U16/><E84/><V30/><F13/><W91/><G91/><T74/><D2/><U124/><E124/><V32/><F32/><W58/><G58/><T123/><D123/><U44/><REACH who="1" step="1"/><E65/><REACH who="1" ten="240,192,418,140" step="2"/><V3/><F3/><W56/><G99/><T121/><D74/><U33/><E33/><V0/><F0/><W64/><G64/><T100/><D121/><U63/><E63/><V87/><F87/><W59/><G34/><T46/><D38/><U118/><E118/><V97/><F86/><W73/><G73/><T96/><D96/><U107/><E107/><V92/><F92/><W9/><G94/><T57/><D83/><U4/><N who="1" m="1536" /><DORA hai="131" /><U31/><E31/><V40/><F40/><W130/><G130/><T117/><D117/><U126/><E126/><V119/><F119/><W102/><G102/><T35/><D100/><U25/><E25/><V85/><F85/><W60/><G26/><RYUUKYOKU ba="1,1" sc="240,-15,192,15,418,15,140,-15" hai1="15,16,19,22,27,41,44,48,61,62" hai2="14,20,28,30,88,95,97" /><INIT seed="2,2,1,2,0,30" ten="225,207,433,125" oya="2" hai0="47,129,12,76,31,4,81,99,83,71,15,80,77" hai1="42,127,75,5,62,114,113,124,88,84,38,46,96" hai2="108,13,133,10,14,45,111,57,79,1,2,9,90" hai3="66,82,7,17,85,87,103,97,94,29,69,56,91"/><V53/><F133/><W72/><G72/><T115/><D71/><U27/><E75/><V41/><F79/><W118/><G118/><T134/><D115/><U95/><E5/><V33/><F90/><W89/><G69/><T125/><D31/><U32/><E62/><V52/><F57/><W50/><G7/><T70/><D70/><U8/><E8/><N who="2" m="3179" /><F45/><W24/><G17/><T43/><D4/><U49/><E38/><V22/><F41/><W55/><G66/><T130/><D134/><U117/><E117/><V116/><F116/><W18/><G18/><T16/><D99/><U64/><E64/><V101/><F101/><W63/><G50/><T60/><D60/><U68/><E68/><V131/><F131/><N who="0" m="50186" /><D12/><N who="2" m="4714" /><F52/><W112/><G112/><T19/><D15/><U128/><E128/><V74/><F53/><W11/><G11/><T23/><D43/><U0/><E0/><N who="2" m="107" /><F74/><W36/><G36/><T6/><D47/><U123/><E114/><V100/><F100/><W3/><G3/><T51/><D51/><U21/><E113/><V126/><F22/><N who="3" m="15511" /><G103/><T59/><D23/><U35/><E96/><AGARI ba="2,1" hai="55,56,63,82,85,87,89,91,94,96,97" m="15511" machi="96" ten="30,1000,0" yaku="8,1" doraHai="30" who="3" fromWho="1" sc="225,0,207,-16,433,0,125,26" /><INIT seed="3,0,0,3,1,57" ten="225,191,433,151" oya="3" hai0="126,52,55,25,97,63,8,100,94,13,127,118,116" hai1="76,96,19,67,109,108,48,66,89,131,123,102,50" hai2="12,106,74,24,54,34,132,124,53,21,110,98,68" hai3="42,10,22,45,46,69,130,0,35,47,82,71,133"/><W134/><G35/><T84/><D25/><U103/><E131/><V17/><F110/><W80/><G130/><T64/><D116/><U121/><E76/><V43/><F132/><N who="3" m="50795" /><G22/><T87/><D118/><U38/><E89/><V77/><F124/><W70/><G42/><T4/><D126/><U95/><E19/><V37/><F68/><N who="3" m="17411" /><W60/><DORA hai="65" /><G60/><T125/><D127/><U11/><E11/><V7/><F43/><W75/><G75/><T23/><D64/><U104/><E38/><V20/><F37/><W129/><G129/><T41/><D41/><U62/><E95/><V117/><F34/><W27/><G27/><T83/><D63/><U135/><E96/><V26/><F117/><W16/><G0/><T122/><D122/><U5/><E5/><V105/><F74/><W59/><G59/><T33/><D33/><U81/><E135/><V92/><F77/><W18/><G10/><T51/><D55/><U61/><REACH who="1" step="1"/><E81/><AGARI ba="0,0" hai="16,18,45,46,47,80,81,82" m="17411,50795" machi="81" ten="50,24000,3" yaku="28,2,20,1,52,4,54,1" doraHai="57,65" who="3" fromWho="1" sc="225,0,191,-240,433,0,151,240" owari="225,-17,-49,-55,433,53,391,19" /></mjloggm>