<mjloggm ver="2.3"><GO type="137" lobby="0"/><UN n0="%49%27%6D%5F%54%46%4C" n1="%E3%81%BD%E3%82%93%E3%82%B3%E3%83%84" n2="%31%31%38%31%38%31" n3="%E7%95%99%E8%90%8C" dan="11,13,13,12" rate="1691.62,1720.37,1653.21,1584.38" sx="M,M,M,M"/><TAIKYOKU oya="0"/><INIT seed="0,0,0,1,1,78" ten="250,250,250,250" oya="0" hai0="37,13,3,84,55,28,12,16,0,97,90,31,93" hai1="47,117,57,81,121,20,5,59,106,114,53,86,10" hai2="126,45,32,25,17,83,88,49,61,124,132,68,9" hai3="133,62,22,110,48,111,107,113,103,87,44,99,6"/><T94/><D37/><U79/><E117/><V50/><F68/><W23/><G62/><T24/><D55/><U120/><E106/><V38/><F38/><W66/><G113/><T118/><D118/><U29/><E114/><V35/><F61/><W125/><G66/><T131/><D131/><U101/><E101/><V105/><F105/><W123/><G6/><T63/><D63/><U42/><E29/><V15/><F132/><W1/><G1/><T89/><D3/><U72/><E20/><V34/><F25/><W19/><G133/><T116/><D0/><U65/><E65/><V54/><F49/><W51/><G125/><T60/><D60/><U134/><E134/><V129/><F129/><W4/><G4/><T18/><D18/><U85/><E86/><AGARI ba="0,0" hai="9,15,17,32,34,35,45,50,54,83,86,88,124,126" machi="86" ten="50,8000,1" yaku="25,2,52,1,54,1" doraHai="78" who="2" fromWho="1" sc="250,0,250,-80,250,80,250,0" /><INIT seed="1,0,0,3,1,26" ten="250,170,330,250" oya="1" hai0="118,63,111,103,104,76,12,60,108,17,129,80,89" hai1="90,18,106,100,5,3,82,109,1,61,91,117,65" hai2="68,88,16,98,128,67,25,85,78,59,115,122,2" hai3="79,20,133,44,134,8,101,135,35,92,120,119,41"/><U9/><E117/><V34/><F122/><W84/><G120/><T23/><D118/><U54/><E1/><V81/><F2/><W114/><G114/><T130/><D104/><U121/><E121/><V70/><F115/><W58/><G58/><T28/><D103/><U113/><E113/><V62/><F128/><N who="0" m="49258" /><D28/><U48/><E18/><V56/><F70/><W87/><G119/><T112/><D112/><U24/><E106/><V50/><F68/><W116/><G116/><T69/><D69/><U125/><E100/><V105/><F105/><W38/><G35/><T83/><D80/><U0/><E0/><V40/><F34/><W64/><G64/><T19/><D17/><U27/><E91/><V55/><F40/><W36/><G8/><T110/><D89/><U42/><E42/><V13/><F25/><W32/><G32/><T66/><D66/><U99/><E125/><V51/><F51/><W53/><G53/><T39/><D39/><U126/><E126/><V107/><F107/><W49/><G79/><T45/><D45/><U10/><E10/><V127/><F127/><W43/><G20/><T132/><D132/><U75/><E75/><AGARI ba="0,0" hai="12,19,23,60,63,75,76,83,108,110,111" m="49258" machi="75" ten="40,2600,0" yaku="14,1,19,1" doraHai="26" who="0" fromWho="1" sc="250,26,170,-26,330,0,250,0" /><INIT seed="2,0,0,0,5,42" ten="276,144,330,250" oya="2" hai0="122,49,103,85,28,73,86,31,19,25,20,5,107" hai1="117,125,127,66,41,48,77,114,98,87,81,18,6" hai2="23,74,123,24,109,90,0,84,17,120,67,30,69" hai3="14,94,34,63,27,62,89,3,71,10,133,115,91"/><V97/><F74/><W60/><G71/><T22/><D122/><U135/><E117/><V13/><F0/><W43/><G43/><T64/><D73/><U61/><E114/><V116/><F116/><W58/><G3/><T76/><D64/><U80/><E18/><V102/><F109/><W50/><G115/><T21/><D5/><U130/><E98/><V88/><F67/><W104/><G104/><T2/><D2/><U128/><E6/><V32/><F69/><W9/><G133/><T52/><D107/><U106/><E106/><V83/><F90/><N who="3" m="34315" /><G94/><AGARI ba="0,0" hai="13,17,23,24,30,32,83,84,88,94,97,102,120,123" machi="94" ten="30,2900,0" yaku="7,1,54,1" doraHai="42" who="2" fromWho="3" sc="276,0,144,0,330,29,250,-29" /><INIT seed="2,1,0,3,1,72" ten="276,144,359,221" oya="2" hai0="113,39,21,102,19,57,94,11,20,22,7,33,74" hai1="13,73,49,64,82,1,18,30,119,117,50,86,118" hai2="127,95,134,108,55,44,76,104,67,116,24,99,63" hai3="43,105,88,35,37,133,100,115,62,17,16,78,103"/><V60/><F116/><W75/><G35/><T81/><D113/><U114/><E73/><V38/><F104/><W129/><G115/><T42/><D33/><U32/><E114/><V8/><F127/><W93/><G129/><T41/><D102/><U23/><E64/><V59/><F134/><W48/><G37/><T126/><D126/><U40/><E40/><V68/><F108/><W107/><G133/><T96/><D57/><U25/><REACH who="1" step="1"/><E1/><REACH who="1" ten="276,134,359,221" step="2"/><V85/><F38/><W97/><G103/><T70/><D41/><U77/><AGARI ba="1,1" hai="13,18,23,25,30,32,49,50,77,82,86,117,118,119" machi="77" ten="30,8000,1" yaku="1,1,2,1,0,1,52,1,53,1" doraHai="72" doraHaiUra="27" who="1" fromWho="1" sc="276,-21,134,93,359,-41,221,-21" /><INIT seed="3,0,0,5,3,44" ten="255,227,318,200" oya="3" hai0="27,121,11,33,14,96,107,47,54,119,36,24,93" hai1="95,108,3,52,75,65,118,5,58,86,23,113,10" hai2="37,67,114,26,85,53,45,81,117,66,50,64,112" hai3="46,8,111,132,6,120,55,41,43,87,97,105,100"/><W0/><G120/><T4/><D119/><U125/><E113/><V29/><F117/><W28/><G87/><T110/><D121/><U98/><E118/><V7/><F7/><W101/><G111/><T122/><D122/><U17/><E75/><V9/><F9/><W13/><G101/><T39/><D107/><U22/><E108/><V103/><F103/><W88/><G132/><T35/><D110/><U57/><E125/><V19/><F19/><W129/><G129/><T48/><D27/><U56/><E65/><V60/><F37/><W61/><G28/><T2/><D14/><U12/><E23/><V25/><F25/><W84/><G0/><T16/><D35/><U32/><E32/><V69/><F114/><W109/><G109/><T130/><D130/><U92/><E95/><V72/><F72/><W20/><G20/><T79/><D79/><U70/><E70/><V102/><F102/><W133/><G133/><T1/><D1/><U131/><E131/><V90/><REACH who="2" step="1"/><F112/><REACH who="2" ten="255,227,308,200" step="2"/><W83/><REACH who="3" step="1"/><G61/><REACH who="3" ten="255,227,308,190" step="2"/><T62/><D62/><U51/><E98/><V49/><F49/><AGARI ba="0,2" hai="6,8,13,41,43,46,49,55,83,84,88,97,100,105" machi="49" ten="40,12000,1" yaku="1,1,2,1,52,1,54,1,53,0" doraHai="44" doraHaiUra="128" who="3" fromWho="2" sc="255,0,227,0,308,-120,190,140" /><INIT seed="3,1,0,0,2,93" ten="255,227,188,330" oya="3" hai0="113,108,52,73,39,91,45,76,47,135,64,128,106" hai1="85,68,40,115,33,12,19,124,18,32,80,84,56" hai2="119,109,63,15,36,26,133,8,103,69,20,122,1" hai3="13,116,46,7,87,37,81,42,61,4,88,86,65"/><W59/><G116/><T35/><D108/><U75/><E68/><V105/><F63/><W44/><G44/><T22/><D128/><U38/><E115/><V102/><F103/><W104/><G104/><T49/><D35/><U74/><E124/><V79/><F102/><W24/><G24/><T134/><D113/><U30/><E56/><V72/><F79/><W43/><G43/><T50/><D106/><U60/><E40/><V34/><F26/><W83/><REACH who="3" step="1"/><G13/><REACH who="3" ten="255,227,188,320" step="2"/><T123/><D39/><U25/><E25/><V94/><F15/><W14/><G14/><T95/><D45/><U51/><E12/><V5/><F8/><W89/><AGARI ba="1,1" hai="4,7,37,42,46,59,61,65,81,83,86,87,88,89" machi="89" ten="20,12000,1" yaku="1,1,0,1,7,1,9,1,54,1,53,0" doraHai="93" doraHaiUra="126" who="3" fromWho="3" sc="255,-41,227,-41,188,-41,320,133" /><INIT seed="3,2,0,3,4,132" ten="214,186,147,453" oya="3" hai0="56,99,26,20,21,106,110,0,3,86,108,31,71" hai1="121,81,100,52,115,8,135,133,68,53,33,37,88" hai2="101,32,85,7,91,95,64,96,118,10,4,80,77" hai3="2,12,28,27,15,112,94,70,84,122,9,127,113"/><W16/><G122/><T98/><D71/><U22/><E121/><V79/><F32/><W87/><G70/><T25/><D86/><N who="1" m="50255" /><E33/><V29/><F118/><W129/><G113/><T6/><D56/><U131/><E115/><V124/><F29/><W1/><G112/><T39/><D39/><U36/><E68/><V34/><F34/><W76/><G129/><T35/><D106/><U47/><E131/><V73/><F64/><W104/><G104/><T58/><D58/><U45/><E100/><V60/><F60/><W75/><G75/><T92/><D98/><U67/><E67/><V54/><F54/><N who="1" m="21097" /><E36/><V78/><F7/><W41/><G41/><T123/><D123/><U111/><E37/><V116/><F116/><W24/><G127/><T83/><D83/><U50/><E50/><V105/><F124/><W43/><G43/><T42/><D42/><U61/><E61/><V13/><AGARI ba="2,0" hai="4,10,13,73,77,78,79,80,85,91,95,96,101,105" machi="13" ten="20,5200,0" yaku="0,1,7,1,24,2" doraHai="132" who="2" fromWho="2" sc="214,-15,186,-15,147,58,453,-28" /><INIT seed="4,0,0,0,5,105" ten="199,171,205,425" oya="0" hai0="1,32,65,64,134,118,98,37,72,104,50,7,129" hai1="110,131,73,88,21,46,41,83,34,133,12,89,48" hai2="5,86,49,19,15,68,63,135,130,57,45,127,117" hai3="102,123,121,59,91,74,16,42,39,93,36,76,27"/><T116/><D37/><U119/><E119/><V115/><F117/><W106/><G59/><T90/><D129/><U82/><E110/><V70/><F115/><W124/><G124/><T79/><D134/><U78/><E83/><V23/><F127/><W66/><G66/><T101/><D32/><U52/><E34/><V33/><F130/><W6/><G6/><T109/><D109/><U26/><E131/><V103/><F135/><W53/><G53/><T31/><D31/><U71/><E133/><V84/><F33/><W69/><G69/><T94/><D50/><U81/><E71/><V58/><F70/><W112/><G112/><T3/><D116/><U56/><E82/><V114/><F68/><W100/><G42/><T97/><D118/><U8/><E26/><V67/><F114/><W4/><G4/><T60/><D7/><U30/><E21/><V77/><F58/><W13/><G27/><T10/><D10/><U132/><E30/><V22/><F5/><W108/><G108/><T85/><D97/><U9/><E132/><V28/><F103/><W29/><G29/><T62/><D64/><U128/><E128/><V44/><F77/><W20/><G106/><T96/><D98/><U120/><E120/><V92/><F44/><W80/><G123/><T55/><D55/><U125/><E125/><V35/><F35/><W126/><G126/><T107/><D104/><U18/><E9/><V95/><F28/><W0/><G121/><T25/><D25/><U40/><E41/><N who="2" m="24751" /><F23/><W61/><G0/><N who="0" m="75" /><D65/><U38/><AGARI ba="0,0" hai="8,12,18,38,40,46,48,52,56,73,78,81,88,89" machi="38" ten="20,8000,1" yaku="0,1,7,1,52,1,54,2" doraHai="105" who="1" fromWho="1" sc="199,-40,171,80,205,-20,425,-20" /><INIT seed="5,0,0,3,1,24" ten="159,251,185,405" oya="1" hai0="134,27,18,9,96,117,66,82,52,48,35,89,80" hai1="32,20,53,65,69,33,79,76,46,57,55,40,78" hai2="77,26,43,97,34,36,54,47,101,44,45,84,25" hai3="22,116,67,74,0,88,2,95,30,125,98,29,10"/><U129/><E129/><V64/><F64/><W104/><G74/><T37/><D117/><U87/><E33/><V16/><F77/><W11/><G116/><T124/><D37/><U127/><E127/><V105/><F84/><W90/><G67/><T1/><D124/><U7/><E32/><V133/><F133/><W38/><G38/><T81/><D134/><U135/><E135/><V126/><F126/><W23/><G125/><T103/><D66/><U102/><E102/><V59/><F26/><W122/><G122/><T106/><D1/><U120/><E120/><V110/><F110/><W118/><G118/><T21/><D9/><N who="3" m="3081" /><G104/><T28/><D89/><N who="3" m="34409" /><G98/><T63/><D63/><U41/><E7/><V130/><F130/><W3/><G95/><T94/><D94/><U51/><E87/><V132/><F132/><W113/><G113/><T121/><D81/><U42/><E65/><V58/><F58/><W131/><G131/><T119/><D119/><U71/><REACH who="1" step="1"/><E20/><AGARI ba="0,0" hai="0,2,3,20,22,23,29,30" m="34409,3081" machi="20" ten="40,8000,1" yaku="28,2,52,2,54,1" doraHai="24" who="3" fromWho="1" sc="159,0,251,-80,185,0,405,80" /><INIT seed="6,0,0,2,5,65" ten="159,171,185,485" oya="2" hai0="37,56,135,19,52,76,134,9,93,109,22,60,6" hai1="131,18,78,15,1,126,124,14,99,114,35,53,41" hai2="89,117,95,20,68,57,128,101,129,105,111,36,77" hai3="2,11,43,49,46,88,58,91,74,42,100,85,103"/><V31/><F36/><W39/><G74/><T51/><D109/><U4/><E35/><V5/><F117/><W55/><G42/><T30/><D37/><U48/><E41/><V10/><F77/><W24/><G24/><T82/><D93/><U107/><E78/><V29/><F57/><W92/><REACH who="3" step="1"/><G91/><REACH who="3" ten="159,171,185,475" step="2"/><T123/><D123/><U75/><E75/><V38/><F38/><W72/><G72/><T23/><D30/><U80/><E126/><V8/><F111/><W59/><G59/><T132/><D19/><U62/><E18/><V3/><F10/><W97/><G97/><T17/><D17/><U45/><E99/><V73/><F73/><W106/><G106/><T79/><D79/><U86/><E107/><V70/><F105/><W28/><G28/><T102/><D102/><U125/><E125/><V64/><F101/><W13/><G13/><N who="0" m="5303" /><D51/><U44/><E15/><V120/><F120/><W104/><G104/><T81/><D76/><U66/><E14/><V83/><F83/><AGARI ba="0,1" hai="22,23,52,56,60,81,82,83,132,134,135" m="5303" machi="83" ten="30,2000,0" yaku="20,1,54,1" doraHai="65" who="0" fromWho="2" sc="159,30,171,0,185,-20,475,0" /><INIT seed="7,0,0,5,5,14" ten="189,171,165,475" oya="3" hai0="28,80,129,111,26,22,75,123,29,32,113,52,37" hai1="134,91,39,25,1,23,10,110,61,68,47,9,12" hai2="130,65,77,132,98,100,90,64,21,15,40,35,67" hai3="48,105,93,103,41,58,133,8,131,116,126,92,125"/><W62/><G116/><T42/><D111/><U54/><E110/><V88/><F35/><W57/><G133/><T66/><D123/><U6/><E134/><V86/><F132/><W135/><G135/><T94/><D129/><U124/><E39/><V16/><F130/><W82/><G131/><T106/><D106/><U53/><E124/><N who="3" m="47722" /><G82/><T114/><D66/><U63/><E54/><V49/><F77/><W18/><G105/><T83/><D52/><U5/><E68/><V95/><F86/><W73/><G73/><T44/><D94/><N who="3" m="36457" /><G103/><T128/><D128/><U59/><E47/><AGARI ba="0,0" hai="15,16,21,40,47,49,64,65,67,88,90,95,98,100" machi="47" ten="40,8000,1" yaku="8,1,52,1,54,2" doraHai="14" who="2" fromWho="1" sc="189,0,171,-80,165,80,475,0" owari="189,-21,91,-41,245,5,475,57" /></mjloggm>