<mjloggm ver="2.3"><GO type="137" lobby="0"/><UN n0="%E7%95%99%E8%90%8C" n1="%E6%9A%81%E5%9E%8B%E5%9B%9B%E7%95%AA%E8%89%A6" n2="%EF%BC%AD%EF%BC%B3%EF%BC%B9%EF%BC%AB" n3="%52%69%63%6B%69%65%2E%66" dan="12,10,11,12" rate="1585.21,1450.35,1553.23,1712.14" sx="M,F,M,M"/><TAIKYOKU oya="0"/><INIT seed="0,0,0,5,4,17" ten="250,250,250,250" oya="0" hai0="91,131,7,14,132,68,3,128,135,2,112,102,78" hai1="36,65,6,99,81,33,11,8,69,98,123,46,53" hai2="19,92,83,41,118,71,30,40,100,116,76,97,45" hai3="133,51,47,0,29,58,37,61,24,111,22,15,26"/><T80/><D68/><U85/><E123/><V18/><F71/><W56/><G0/><T117/><D102/><U101/><E33/><V67/><F67/><W43/><G133/><N who="0" m="51275" /><D91/><U27/><E27/><V75/><F41/><W90/><G111/><T42/><D42/><U119/><E119/><V57/><F57/><W1/><G1/><N who="0" m="11" /><D117/><N who="2" m="45162" /><F30/><W49/><G15/><T62/><D62/><U86/><E86/><V21/><F19/><W129/><G129/><N who="0" m="49739" /><D80/><U55/><E69/><V115/><F40/><W134/><G134/><T72/><D72/><U120/><E120/><V31/><F31/><W93/><G58/><T60/><D60/><U88/><E65/><V28/><F28/><W12/><G37/><T104/><D78/><U16/><E36/><V79/><F76/><W13/><G51/><T114/><D104/><U54/><E46/><V113/><F45/><W87/><G26/><AGARI ba="0,0" hai="18,21,26,75,79,83,92,97,100,113,115" m="45162" machi="26" ten="30,2000,0" yaku="12,1,52,1" doraHai="17" who="2" fromWho="3" sc="250,0,250,0,250,20,250,-20" /><INIT seed="1,0,0,2,2,27" ten="250,250,270,230" oya="1" hai0="109,29,36,22,122,2,9,38,53,87,26,25,123" hai1="111,40,80,106,75,119,102,14,121,28,47,125,35" hai2="100,65,64,133,129,118,131,48,3,105,77,96,76" hai3="134,54,88,91,70,86,95,59,31,104,43,20,8"/><U74/><E125/><V132/><F118/><W93/><G104/><T52/><D87/><U12/><E119/><V39/><F39/><N who="0" m="14890" /><D109/><U50/><E121/><N who="0" m="46089" /><D26/><U116/><E116/><V90/><F48/><W17/><G70/><T107/><D107/><U18/><E111/><V11/><F90/><W117/><G43/><T84/><D84/><U15/><E80/><V63/><F65/><W98/><G117/><T42/><D42/><U30/><E35/><V62/><F62/><W92/><G134/><N who="2" m="51817" /><F11/><W126/><G126/><T33/><D22/><U71/><E71/><V66/><F64/><W7/><G93/><T97/><D97/><U5/><E5/><AGARI ba="0,0" hai="2,5,9,25,29,33,52,53" m="46089,14890" machi="5" ten="30,3900,0" yaku="13,1,52,1,54,1" doraHai="27" who="0" fromWho="1" sc="250,39,250,-39,270,0,230,0" /><INIT seed="2,0,0,4,4,59" ten="289,211,270,230" oya="2" hai0="17,117,41,124,8,134,31,40,51,9,45,95,15" hai1="20,2,42,78,46,4,73,0,33,109,82,114,1" hai2="70,19,56,64,18,90,100,80,52,87,27,39,99" hai3="104,11,24,84,68,55,62,48,72,29,85,38,129"/><V34/><F39/><W53/><G72/><T36/><D31/><U118/><E109/><V133/><F133/><W30/><G38/><T26/><D134/><U128/><E128/><V96/><F96/><W66/><G104/><T97/><D124/><U21/><E114/><V130/><F130/><W74/><G74/><T23/><D117/><U102/><E102/><V83/><F83/><W47/><G129/><T67/><D67/><U131/><E131/><V71/><F19/><W120/><G120/><T125/><D125/><U126/><E126/><V122/><F122/><W106/><G106/><T111/><D111/><U81/><E81/><V94/><F64/><W32/><G30/><T65/><D65/><U112/><E112/><V98/><F98/><W123/><G123/><T28/><D8/><U132/><E132/><V110/><F110/><W35/><G35/><T37/><REACH who="0" step="1"/><D40/><REACH who="0" ten="279,211,270,230" step="2"/><U3/><E118/><V79/><F34/><W121/><G121/><T69/><D69/><U91/><E91/><AGARI ba="0,1" hai="9,15,17,23,26,28,36,37,41,45,51,91,95,97" machi="91" ten="30,3900,0" yaku="1,1,7,1,53,1" doraHai="59" doraHaiUra="5" who="0" fromWho="1" sc="279,49,211,-39,270,0,230,0" /><INIT seed="3,0,0,3,1,81" ten="328,172,270,230" oya="3" hai0="25,20,76,101,23,30,96,27,17,15,0,109,40" hai1="98,85,117,4,12,35,92,125,69,58,11,60,116" hai2="122,56,24,131,66,47,46,70,16,36,44,126,7" hai3="102,57,67,68,90,100,112,50,106,26,51,113,72"/><W32/><G72/><T124/><D40/><U115/><E125/><V43/><F122/><W82/><G68/><T45/><D45/><U39/><E35/><V123/><F123/><W71/><G71/><T22/><D76/><U54/><E39/><V134/><F7/><W29/><G112/><T8/><D124/><U87/><E69/><V88/><F126/><W108/><G113/><T34/><D101/><U133/><E133/><V135/><F131/><W14/><G108/><T83/><D83/><U119/><REACH who="1" step="1"/><E115/><REACH who="1" ten="328,162,270,230" step="2"/><V97/><F134/><W130/><G130/><T128/><D128/><U3/><E3/><V49/><F135/><W111/><G111/><T63/><D0/><U28/><E28/><V42/><F70/><W37/><G37/><T89/><D63/><U6/><E6/><V105/><F36/><W5/><G5/><T73/><D109/><U9/><E9/><V62/><F49/><W80/><G50/><T41/><D41/><U86/><E86/><V114/><F114/><W33/><G33/><T99/><D73/><U64/><E64/><V120/><F120/><W19/><G51/><T1/><D1/><U21/><E21/><N who="2" m="13351" /><F105/><W118/><G106/><T53/><D53/><U59/><E59/><V121/><F121/><W13/><G29/><T77/><D77/><U127/><E127/><V91/><F97/><W74/><G74/><T52/><D52/><U104/><E104/><V10/><F10/><W2/><G67/><T110/><D110/><U103/><AGARI ba="0,1" hai="4,11,12,54,58,60,85,87,92,98,103,116,117,119" machi="103" ten="30,8000,1" yaku="1,1,0,1,12,1,52,2,53,0" doraHai="81" doraHaiUra="75" who="1" fromWho="1" sc="328,-20,162,90,270,-20,230,-40" /><INIT seed="4,0,0,4,0,38" ten="308,252,250,190" oya="0" hai0="37,36,119,52,92,15,33,76,44,42,25,129,72" hai1="124,30,54,128,111,20,22,97,47,50,6,16,112" hai2="64,39,63,57,118,74,87,56,95,108,106,123,65" hai3="77,59,9,115,127,68,88,107,105,133,5,67,103"/><T90/><D119/><U80/><E128/><V34/><F34/><W14/><G68/><T0/><D0/><U75/><E124/><V2/><F2/><W73/><G127/><T91/><D129/><U89/><E111/><V117/><F74/><W1/><G133/><T104/><D104/><U48/><E6/><V120/><F106/><W61/><G115/><T110/><D110/><U10/><E75/><V13/><F13/><W82/><G103/><T116/><D15/><U19/><E30/><V100/><F100/><W32/><G32/><T135/><D36/><U23/><E10/><V96/><F96/><W12/><G12/><T94/><D135/><U58/><E112/><V41/><F87/><W49/><G49/><T132/><D132/><U69/><E69/><V31/><F31/><W62/><G62/><T29/><D52/><U51/><E97/><V109/><F95/><W130/><G130/><T134/><D134/><U40/><E51/><V4/><F4/><W3/><G3/><T131/><D131/><U35/><E35/><V53/><F53/><W24/><G24/><T8/><D8/><U55/><REACH who="1" step="1"/><E55/><REACH who="1" ten="308,242,250,190" step="2"/><V11/><F11/><W21/><G5/><T101/><D116/><U71/><E71/><V45/><F108/><W17/><G9/><T46/><D72/><U7/><E7/><V18/><F109/><W70/><G1/><T28/><D28/><U84/><AGARI ba="0,1" hai="16,19,20,22,23,40,47,48,50,54,58,80,84,89" machi="84" ten="30,12000,2" yaku="1,1,0,1,8,1,52,1,54,1,53,1" doraHai="38" doraHaiUra="43" who="1" fromWho="1" sc="308,-60,242,130,250,-30,190,-30" /><INIT seed="5,0,0,4,1,107" ten="248,372,220,160" oya="1" hai0="15,104,43,19,125,34,122,5,95,96,113,37,11" hai1="109,4,28,60,27,14,114,39,98,2,16,42,134" hai2="83,22,108,9,112,105,82,89,33,35,119,47,81" hai3="46,118,106,97,55,31,58,48,26,12,29,84,59"/><U93/><E134/><V41/><F105/><W6/><G118/><T85/><D104/><U49/><E114/><V73/><F108/><W120/><G120/><T88/><D34/><U56/><E39/><V69/><F69/><W50/><G106/><T3/><D122/><U7/><E2/><V20/><F119/><W25/><G97/><T65/><D113/><U110/><E42/><V103/><F103/><W132/><G132/><T71/><D125/><U128/><E128/><V63/><F63/><W123/><G123/><T116/><D116/><U32/><E49/><V130/><F130/><W13/><G84/><T135/><D135/><U10/><E7/><V18/><F112/><W86/><G86/><T111/><D111/><N who="1" m="42507" /><E4/><V126/><F126/><W61/><G6/><T36/><D43/><U133/><E133/><V92/><F20/><W90/><G90/><T21/><REACH who="0" step="1"/><D96/><REACH who="0" ten="238,372,220,160" step="2"/><U121/><E121/><V44/><F41/><W70/><G29/><T75/><D75/><U79/><E79/><V30/><F73/><W45/><G70/><T17/><D17/><U129/><E129/><V72/><F72/><W124/><G124/><T80/><D80/><U66/><E98/><V24/><F30/><W101/><G31/><T99/><D99/><U117/><E117/><V127/><F127/><W78/><G78/><T67/><D67/><U115/><E115/><V23/><F33/><W77/><G77/><T131/><D131/><U40/><E40/><V94/><F35/><W64/><G64/><T8/><D8/><U102/><E102/><V53/><F9/><W74/><G101/><RYUUKYOKU ba="0,1" sc="238,15,372,15,220,-15,160,-15" hai0="3,5,11,15,19,21,36,37,65,71,85,88,95" hai1="10,14,16,27,28,32,56,60,66,93" /><INIT seed="5,1,1,1,0,121" ten="253,387,205,145" oya="1" hai0="125,40,49,100,106,64,60,2,57,6,92,63,66" hai1="98,44,50,81,123,10,58,119,35,11,113,55,37" hai2="19,87,5,27,99,130,79,3,102,112,53,39,107" hai3="17,131,93,65,129,43,132,68,115,21,23,89,25"/><U48/><E113/><V18/><F39/><W9/><G9/><T59/><D106/><U85/><E119/><V32/><F130/><W36/><G115/><T80/><D125/><U71/><E71/><V108/><F108/><W126/><G126/><T117/><D117/><U120/><E35/><V135/><F135/><W75/><G75/><T77/><D2/><U29/><E37/><V15/><F112/><W76/><G76/><T134/><D134/><U8/><E29/><V47/><F3/><W67/><G132/><T101/><D6/><U4/><E98/><V86/><F79/><W104/><G104/><T28/><D28/><U91/><REACH who="1" step="1"/><E4/><REACH who="1" ten="253,377,205,145" step="2"/><V45/><F5/><W33/><G33/><T1/><D1/><U82/><E82/><V110/><F32/><W24/><G68/><T97/><D100/><U122/><E122/><V70/><F70/><W31/><G36/><T74/><D40/><AGARI ba="1,2" hai="8,10,11,40,44,48,50,55,58,81,85,91,120,123" machi="40" ten="40,3900,0" yaku="1,1,53,1" doraHai="121" doraHaiUra="42" who="1" fromWho="0" sc="253,-42,377,62,205,0,145,0" /><INIT seed="5,2,0,5,4,47" ten="211,439,205,145" oya="1" hai0="31,67,85,84,65,70,21,107,79,9,92,127,133" hai1="111,52,91,81,113,61,124,83,43,86,98,46,28" hai2="76,94,68,109,128,29,132,118,114,50,22,26,1" hai3="48,6,20,108,78,104,3,11,49,57,19,23,60"/><U95/><E113/><V112/><F118/><W18/><G108/><T17/><D107/><U53/><E124/><V59/><F109/><W96/><G78/><T24/><D127/><U66/><E28/><V38/><F38/><W0/><G104/><T77/><D133/><U100/><E83/><V120/><F120/><W34/><G34/><T12/><D70/><U131/><E131/><V62/><F1/><W89/><G0/><T115/><D115/><N who="2" m="44074" /><F76/><N who="0" m="29258" /><D92/><U90/><E90/><V93/><F128/><W32/><G32/><T82/><D85/><U99/><E99/><V51/><F132/><W105/><G105/><T97/><D97/><U56/><E111/><V30/><F30/><W121/><G121/><T5/><D84/><U4/><REACH who="1" step="1"/><E4/><REACH who="1" ten="211,429,205,145" step="2"/><V88/><F93/><W7/><G7/><T117/><D82/><U64/><E64/><N who="0" m="24649" /><D117/><U35/><E35/><V110/><F110/><W36/><G96/><T41/><D41/><U69/><E69/><V13/><F68/><W15/><G89/><T106/><D106/><U73/><E73/><V16/><F29/><AGARI ba="2,1" hai="5,9,12,17,21,24,29,31" m="24649,29258" machi="29" ten="30,1000,0" yaku="8,1" doraHai="47" who="0" fromWho="2" sc="211,26,429,0,205,-16,145,0" /><INIT seed="6,0,0,4,5,95" ten="237,429,189,145" oya="2" hai0="34,25,8,115,98,135,121,32,55,22,80,97,112" hai1="33,48,91,110,100,47,84,42,103,31,44,118,83" hai2="77,128,53,45,122,2,109,56,72,62,96,131,120" hai3="78,30,23,123,68,86,87,129,16,37,41,3,82"/><V101/><F2/><W39/><G123/><T63/><D121/><U59/><E110/><V19/><F109/><W61/><G3/><T21/><D80/><U127/><E127/><V102/><F45/><W14/><G129/><N who="2" m="49737" /><F77/><W60/><G30/><T6/><D135/><U58/><E118/><V49/><F72/><W52/><G61/><T65/><D55/><U11/><E33/><V10/><F49/><W74/><G41/><T69/><D32/><U36/><E31/><V67/><F67/><W0/><G0/><T12/><D34/><U46/><E11/><V29/><F29/><W119/><G119/><T85/><D85/><U18/><E18/><V125/><F125/><W89/><G68/><T88/><D88/><U50/><E36/><V90/><F90/><W20/><G23/><T4/><D4/><U28/><E28/><V38/><F38/><W17/><G17/><N who="0" m="12463" /><D22/><U70/><E70/><V104/><F101/><W116/><G116/><T105/><D105/><U43/><E46/><V1/><F1/><W108/><G108/><T35/><D35/><U24/><E24/><V54/><F53/><W124/><G124/><T57/><D69/><U75/><E75/><V126/><F126/><W27/><G27/><T66/><D66/><U7/><E7/><V64/><F54/><W40/><G74/><T134/><D134/><U76/><E76/><V26/><F26/><W117/><G117/><T130/><D130/><U107/><E107/><V92/><F104/><W71/><G71/><T133/><D133/><U114/><E114/><AGARI ba="0,0" hai="6,8,12,57,63,65,97,98,112,114,115" m="12463" machi="114" ten="30,3900,0" yaku="15,1,52,2" doraHai="95" who="0" fromWho="1" sc="237,39,429,-39,189,0,145,0" /><INIT seed="7,0,0,4,4,3" ten="276,390,189,145" oya="3" hai0="126,82,10,64,20,117,37,6,105,71,77,65,83" hai1="92,120,121,15,70,116,101,89,12,51,38,1,73" hai2="122,59,67,56,17,102,103,97,74,30,8,98,78" hai3="110,4,11,90,94,34,119,68,41,135,99,43,80"/><W36/><G119/><T28/><D37/><U24/><E1/><V42/><F42/><W134/><G68/><T131/><D105/><U128/><E128/><V2/><F30/><W69/><G69/><T23/><D117/><U46/><E70/><V63/><F122/><W66/><G66/><T39/><D39/><U127/><E127/><V113/><F113/><W96/><G34/><T50/><D126/><U53/><E73/><V32/><F32/><W18/><G110/><T93/><D131/><U14/><E24/><V58/><F2/><W84/><G36/><T21/><D93/><U61/><E116/><V54/><F78/><N who="3" m="46103" /><G18/><T72/><D82/><U124/><E124/><V133/><F133/><N who="3" m="50699" /><G99/><T52/><D71/><U25/><E25/><V132/><F132/><W108/><G108/><T13/><REACH who="0" step="1"/><D28/><REACH who="0" ten="266,390,189,145" step="2"/><U48/><E38/><V55/><F74/><W118/><G118/><T100/><D100/><U62/><E101/><V27/><F102/><W104/><G104/><T86/><D86/><N who="1" m="52279" /><E120/><V106/><F98/><W107/><G107/><T44/><AGARI ba="0,1" hai="6,10,13,20,21,23,44,50,52,64,65,72,77,83" machi="44" ten="30,7900,0" yaku="1,1,0,1,52,1,54,1,53,0" doraHai="3" doraHaiUra="130" who="0" fromWho="0" sc="266,89,390,-20,189,-20,145,-39" owari="355,16,370,46,169,-23,106,-39" /></mjloggm>