<mjloggm ver="2.3"><GO type="137" lobby="0"/><UN n0="%E3%83%88%E3%83%AA%E3%83%97%E3%83%AB%EF%BC%97%EF%BC%97%EF%BC%97" n1="%73%75%6E%6E%79%35" n2="%E7%95%99%E8%90%8C" n3="%E4%B8%8A%E8%B6%8A%E9%81%8B%E8%BC%B8" dan="11,11,12,11" rate="1678.98,1529.12,1582.66,1566.10" sx="M,F,M,M"/><TAIKYOKU oya="0"/><INIT seed="0,0,0,2,2,37" ten="250,250,250,250" oya="0" hai0="33,88,38,134,45,18,46,30,15,106,128,40,124" hai1="109,135,7,13,83,52,39,107,64,72,1,84,79" hai2="47,86,48,74,87,21,125,42,120,82,9,80,85" hai3="51,27,95,127,118,49,16,99,132,63,8,11,41"/><T110/><D106/><U94/><E13/><V100/><F100/><W23/><G118/><T129/><D134/><U75/><E64/><V133/><F133/><W25/><G132/><T34/><D124/><U6/><E135/><V91/><F120/><W108/><G108/><T57/><D57/><U19/><E1/><V24/><F125/><W53/><G127/><T117/><D30/><U67/><E39/><V65/><F65/><W112/><G112/><T69/><D117/><U97/><E67/><V2/><F2/><W68/><G68/><T103/><D69/><U122/><E122/><V28/><F9/><W43/><G27/><T3/><D3/><U0/><E0/><V56/><F56/><N who="3" m="35215" /><G11/><N who="0" m="6527" /><D103/><N who="1" m="62959" /><E72/><V123/><F123/><W55/><G8/><T35/><D46/><U12/><E109/><V115/><REACH who="2" step="1"/><F115/><REACH who="2" ten="250,250,240,250" step="2"/><W89/><G51/><T29/><D110/><U71/><E71/><V131/><F131/><N who="0" m="50250" /><D29/><U81/><E19/><V36/><F36/><W44/><AGARI ba="0,1" hai="16,23,25,41,43,44,49,55,89,95,99" m="35215" machi="44" ten="30,8000,1" yaku="25,1,8,1,52,2,54,1" doraHai="37" who="3" fromWho="3" sc="250,-40,250,-20,240,-20,250,90" /><INIT seed="1,0,0,5,2,82" ten="210,230,220,340" oya="1" hai0="70,77,130,124,52,32,85,79,44,95,23,101,49" hai1="57,27,91,96,68,128,12,120,47,126,122,24,127" hai2="40,129,28,26,42,18,116,103,56,3,62,61,22" hai3="76,123,100,41,66,30,63,113,53,60,39,59,97"/><U9/><E68/><V134/><F116/><W111/><G123/><N who="1" m="47146" /><E47/><V58/><F3/><W112/><G111/><T84/><D70/><U73/><E57/><V54/><F129/><W114/><G76/><N who="0" m="29259" /><D32/><U51/><E51/><V121/><F121/><W99/><G30/><T4/><D130/><U21/><E73/><V80/><F134/><W108/><G108/><T125/><D4/><N who="1" m="3111" /><E128/><V35/><F103/><W132/><G132/><T10/><D10/><U46/><E96/><V55/><REACH who="2" step="1"/><F80/><REACH who="2" ten="210,230,210,340" step="2"/><W83/><G100/><T89/><D101/><U109/><E46/><V0/><F0/><W64/><G83/><T75/><D125/><N who="1" m="47627" /><E109/><V119/><F119/><W16/><G114/><T37/><D124/><U78/><E78/><V104/><F104/><W94/><G113/><T72/><D75/><U25/><E91/><V117/><F117/><W133/><G112/><T69/><D72/><U87/><E87/><V45/><F45/><W7/><G133/><T90/><D37/><U33/><E33/><V92/><F92/><W11/><G94/><N who="0" m="54567" /><D69/><U20/><AGARI ba="0,1" hai="20,21,24,25,27" m="47627,3111,47146" machi="20" ten="40,7800,0" yaku="18,1,34,2" doraHai="82" who="1" fromWho="1" sc="210,-26,230,88,210,-26,340,-26" /><INIT seed="1,1,0,1,1,32" ten="184,318,184,314" oya="1" hai0="109,31,120,99,42,35,123,91,75,38,67,39,70" hai1="87,15,53,1,102,54,76,72,48,8,107,104,74" hai2="10,108,86,19,46,71,40,80,34,133,126,69,115" hai3="78,114,7,94,25,127,134,117,56,119,26,62,131"/><U68/><E87/><V113/><F34/><W12/><G114/><N who="2" m="43529" /><F108/><W6/><G78/><T41/><D75/><U105/><E15/><N who="2" m="7671" /><F133/><W55/><G127/><T9/><D31/><U52/><E76/><N who="2" m="46343" /><F126/><W125/><G125/><T96/><D35/><U82/><E102/><V27/><F27/><W0/><G134/><T98/><D109/><U73/><E82/><V66/><F66/><W51/><G131/><T112/><D112/><U65/><E48/><AGARI ba="1,0" hai="40,46,48,69,71" m="46343,7671,43529" machi="48" ten="30,1000,0" yaku="11,1" doraHai="32" who="2" fromWho="1" sc="184,0,318,-13,184,13,314,0" /><INIT seed="2,0,0,5,0,53" ten="184,305,197,314" oya="2" hai0="21,38,102,32,78,135,134,89,60,98,113,0,99" hai1="44,85,31,115,6,42,110,66,109,111,112,2,97" hai2="88,52,43,25,51,57,3,132,108,64,45,105,12" hai3="15,37,106,65,20,125,122,129,19,119,40,7,76"/><V46/><F105/><W26/><G122/><T124/><D38/><N who="1" m="21591" /><E85/><V22/><F3/><W56/><G119/><T16/><D32/><U41/><E31/><N who="2" m="17847" /><F132/><N who="0" m="50730" /><D78/><U24/><E97/><V100/><F108/><N who="1" m="27649" /><U130/><DORA hai="116" /><E24/><V84/><F100/><W82/><G106/><T120/><D113/><N who="1" m="43595" /><E6/><V131/><F131/><W34/><G37/><T8/><D102/><U47/><E2/><V1/><F1/><W48/><G40/><T61/><D8/><U54/><E54/><V91/><F12/><W72/><G129/><T62/><D0/><U77/><E77/><V121/><F121/><W17/><G34/><T107/><D107/><U83/><E83/><N who="2" m="49183" /><F91/><W118/><G118/><T13/><D120/><U93/><E93/><V58/><F43/><W92/><G7/><T30/><D30/><U9/><E9/><V71/><F71/><W86/><G15/><T63/><D89/><U33/><E33/><V114/><F114/><W50/><G17/><T35/><N who="0" m="15872" /><DORA hai="95" /><T23/><D35/><U90/><E90/><V36/><F36/><W80/><G72/><T14/><D14/><U74/><E74/><V11/><F11/><W117/><G76/><T94/><D23/><U128/><E66/><V68/><F68/><W133/><G20/><T81/><D81/><U123/><E123/><V126/><F126/><W103/><G80/><T29/><D124/><U49/><AGARI ba="0,0" hai="41,47,49,128,130" m="43595,27649,21591" machi="49" ten="50,6400,0" yaku="14,1,34,2" doraHai="53,116,95" who="1" fromWho="1" sc="184,-16,305,64,197,-32,314,-16" /><INIT seed="3,0,0,5,4,94" ten="168,369,165,298" oya="3" hai0="45,68,21,48,88,87,106,97,131,73,86,62,71" hai1="101,5,46,116,56,53,115,108,37,133,90,72,1" hai2="113,112,93,25,124,96,84,20,114,43,59,28,63" hai3="129,24,38,109,117,36,17,2,55,9,118,8,16"/><W103/><G38/><T50/><D73/><U23/><E115/><V111/><F43/><W80/><G36/><T61/><D131/><U122/><E122/><V29/><F111/><W57/><G129/><T35/><D35/><U51/><E72/><V77/><F124/><W49/><G103/><T69/><D50/><U123/><E1/><V22/><F77/><W44/><G109/><T14/><D106/><U39/><E108/><V31/><F84/><W10/><G2/><T119/><D119/><U67/><E5/><V7/><F7/><W6/><G6/><T98/><D86/><U27/><E123/><V110/><F110/><W34/><G34/><T64/><D62/><N who="1" m="38343" /><E116/><V74/><F74/><W3/><G3/><T135/><D135/><U92/><E133/><V13/><F13/><W104/><G104/><T130/><D130/><U40/><E40/><V76/><F76/><W42/><G118/><T54/><D69/><U89/><E37/><V125/><F125/><W12/><G117/><T128/><D71/><U134/><E134/><V58/><F58/><W19/><G80/><T105/><D105/><U79/><E39/><V99/><F99/><W11/><G42/><T65/><D128/><U0/><E0/><V78/><F78/><W60/><G24/><T75/><D75/><U4/><E4/><V18/><F20/><W81/><G81/><N who="0" m="49263" /><D64/><U107/><E107/><V30/><F30/><W82/><G82/><T33/><D33/><U100/><E79/><V127/><F127/><W121/><G121/><T102/><D102/><N who="1" m="39531" /><E92/><V32/><F32/><W66/><AGARI ba="0,0" hai="8,9,10,11,12,16,17,19,44,49,55,57,60,66" machi="66" ten="30,11700,0" yaku="5,1,0,1,8,1,54,1" doraHai="94" who="3" fromWho="3" sc="168,-39,369,-39,165,-39,298,117" /><INIT seed="3,1,0,2,4,103" ten="129,330,126,415" oya="3" hai0="61,22,101,1,56,80,107,48,66,4,128,110,135" hai1="126,132,84,3,23,127,17,78,90,106,117,40,11" hai2="111,69,98,71,65,58,49,124,37,29,130,46,102" hai3="12,33,35,26,121,51,74,67,88,55,76,43,39"/><W70/><G121/><T0/><D110/><U82/><E3/><V9/><F111/><W10/><G39/><T122/><D135/><U72/><E40/><V68/><F130/><W50/><G35/><T47/><D128/><U15/><E117/><V96/><F124/><N who="1" m="47657" /><E11/><V73/><F73/><W129/><G129/><T94/><D122/><U131/><E132/><V79/><F79/><W62/><G33/><T93/><D4/><U109/><E131/><V87/><F29/><W6/><G26/><T115/><D115/><U45/><E109/><V114/><F114/><W113/><G113/><T36/><D36/><U31/><E45/><V105/><F96/><W38/><G38/><T60/><D60/><U5/><E31/><V120/><F120/><W133/><G133/><T8/><D8/><U99/><E5/><V19/><F87/><W18/><G88/><T100/><D80/><N who="1" m="45127" /><E99/><V123/><F123/><W83/><G6/><T24/><D1/><U13/><E13/><V64/><F37/><W57/><G43/><T34/><D0/><U53/><E53/><V75/><F75/><W41/><REACH who="3" step="1"/><G41/><REACH who="3" ten="129,330,126,405" step="2"/><T14/><D34/><U77/><E77/><V119/><F119/><W44/><G44/><T30/><D47/><U54/><E54/><V16/><F46/><W112/><G112/><T32/><D32/><U118/><E118/><V97/><F49/><AGARI ba="1,1" hai="10,12,18,49,50,51,55,57,62,67,70,74,76,83" machi="49" ten="30,2900,0" yaku="1,1,7,1,53,0" doraHai="103" doraHaiUra="21" who="3" fromWho="2" sc="129,0,330,0,126,-32,405,42" /><INIT seed="3,2,0,2,0,114" ten="129,330,94,447" oya="3" hai0="108,105,131,13,89,118,54,39,31,127,124,77,11" hai1="134,102,74,119,97,71,62,88,104,90,116,29,1" hai2="34,42,109,85,49,64,115,3,106,80,48,83,87" hai3="52,73,122,14,76,69,6,24,22,44,126,15,65"/><W117/><G122/><T96/><D105/><U75/><E29/><V86/><F115/><W130/><G117/><N who="1" m="45130" /><E1/><V9/><F109/><W36/><G130/><T68/><D31/><U66/><E134/><V30/><F64/><W60/><G126/><T72/><D118/><U40/><E40/><V78/><F106/><W32/><G32/><T50/><D108/><U16/><E16/><V67/><F67/><W92/><G44/><T101/><D131/><U38/><E38/><V41/><F34/><W125/><G36/><T25/><D39/><U103/><E103/><V59/><F30/><W45/><G125/><T20/><D101/><U19/><E19/><V123/><F123/><W128/><G128/><T43/><D43/><N who="2" m="16394" /><F9/><W95/><G76/><T5/><D127/><U100/><E100/><V110/><F3/><W28/><G73/><AGARI ba="2,0" hai="62,66,71,73,74,75,88,90,97,102,104" m="45130" machi="73" ten="30,8000,1" yaku="12,1,52,3,54,1" doraHai="114" who="1" fromWho="3" sc="129,0,330,86,94,0,447,-86" /><INIT seed="4,0,0,0,2,55" ten="129,416,94,361" oya="0" hai0="134,57,69,126,59,53,111,106,29,23,73,2,109" hai1="51,125,117,130,93,95,63,56,78,103,64,43,100" hai2="127,47,46,92,33,54,26,113,101,81,17,116,89" hai3="11,84,65,85,82,107,7,90,112,77,48,28,22"/><T32/><D32/><U19/><E19/><V86/><F113/><W124/><G112/><T68/><D2/><U129/><E129/><V52/><F127/><W40/><G124/><T10/><D126/><U122/><E122/><V25/><F116/><W123/><G107/><T38/><D38/><U34/><E34/><V14/><F33/><W37/><G123/><T62/><D10/><U97/><E117/><V30/><F30/><W87/><G37/><T49/><D106/><U4/><E125/><V76/><F25/><W114/><G114/><T45/><D73/><U121/><E121/><V9/><F26/><W20/><G65/><N who="0" m="39119" /><D29/><U79/><E130/><V39/><F39/><W0/><G0/><T12/><D134/><U61/><E4/><V99/><REACH who="2" step="1"/><F76/><REACH who="2" ten="129,416,84,361" step="2"/><W98/><G28/><T58/><D12/><U18/><E18/><V66/><F66/><W80/><G11/><T42/><D23/><U108/><E108/><V31/><F31/><W72/><G7/><T44/><D111/><U104/><E104/><V118/><F118/><W8/><G20/><T71/><D109/><U74/><E74/><V120/><F120/><W128/><G8/><T27/><D27/><U119/><E119/><V132/><F132/><W102/><G22/><T1/><D1/><U131/><E131/><V94/><F94/><W3/><G128/><T24/><D24/><U50/><E64/><V105/><F105/><N who="3" m="63703" /><G40/><T60/><D42/><U13/><E43/><V36/><F36/><W16/><G3/><T15/><D15/><U70/><E13/><V5/><F5/><W115/><G115/><RYUUKYOKU ba="0,1" sc="129,15,416,-15,84,15,361,-15" hai0="44,45,49,53,58,59,60,68,69,71" hai2="9,14,17,46,47,52,54,81,86,89,92,99,101" /><INIT seed="4,1,1,0,1,27" ten="144,401,99,346" oya="0" hai0="70,134,49,98,125,117,36,30,33,132,101,135,130" hai1="6,124,71,92,68,57,17,2,126,16,116,78,77" hai2="65,1,61,86,110,18,58,103,56,111,51,80,20" hai3="106,11,129,112,28,44,3,127,40,79,54,55,67"/><T121/><D121/><U105/><E116/><V22/><F1/><W43/><G106/><T73/><D117/><U122/><E105/><V50/><F103/><W94/><G112/><T99/><D70/><N who="1" m="26667" /><E122/><V108/><F86/><W89/><G127/><N who="1" m="48682" /><E2/><V38/><F80/><W12/><G129/><T42/><D130/><U88/><E6/><V26/><F38/><W21/><G3/><T29/><D73/><U74/><E57/><V119/><F119/><W45/><G79/><N who="1" m="30218" /><E74/><V0/><F0/><W97/><G67/><T87/><D125/><U23/><E23/><V39/><F22/><W91/><G91/><T48/><D87/><AGARI ba="1,1" hai="16,17,87,88,92" m="30218,48682,26667" machi="87" ten="30,3900,0" yaku="18,1,54,2" doraHai="27" who="1" fromWho="0" sc="144,-42,401,52,99,0,346,0" /><INIT seed="5,0,0,2,0,51" ten="102,453,99,346" oya="1" hai0="82,12,77,48,37,106,96,27,42,20,35,13,28" hai1="30,92,57,50,14,7,59,36,8,97,116,103,45" hai2="38,129,11,124,118,0,67,98,88,39,134,5,99" hai3="94,3,76,135,15,87,126,33,6,128,102,101,21"/><U23/><E116/><V131/><F118/><W121/><G126/><T53/><D37/><N who="2" m="13834" /><F67/><W105/><G121/><T62/><D42/><N who="1" m="24887" /><E36/><V122/><F122/><W71/><G128/><N who="2" m="49225" /><F124/><W4/><G135/><T130/><D62/><U81/><E81/><V91/><F134/><W26/><G71/><T10/><D130/><U34/><E34/><V133/><F133/><W73/><G105/><T112/><D35/><U56/><E30/><V80/><F80/><W69/><G69/><T90/><D10/><U95/><E95/><V22/><F22/><AGARI ba="0,0" hai="7,8,14,22,23,56,57,59,92,97,103" m="24887" machi="22" ten="30,1500,0" yaku="8,1" doraHai="51" who="1" fromWho="2" sc="102,0,453,15,99,-15,346,0" /><INIT seed="5,1,0,1,0,45" ten="102,468,84,346" oya="1" hai0="74,129,97,95,122,113,88,119,132,32,86,124,96" hai1="58,10,62,89,123,8,112,83,128,9,69,115,107" hai2="56,64,77,72,79,7,111,12,20,15,117,91,4" hai3="3,21,55,31,24,25,73,60,103,38,48,71,51"/><U84/><E107/><V87/><F111/><W67/><G73/><T65/><D122/><U14/><E69/><V6/><F117/><W23/><G38/><T59/><D119/><U19/><E123/><V50/><F72/><W42/><G3/><T101/><D32/><U102/><E128/><V75/><F75/><W54/><G42/><T134/><D129/><U47/><E102/><V36/><F36/><W22/><G103/><T106/><D74/><U81/><E81/><N who="2" m="49647" /><F20/><W131/><G131/><T33/><D33/><U114/><REACH who="1" step="1"/><E47/><REACH who="1" ten="102,458,84,346" step="2"/><V61/><F50/><W82/><G71/><T46/><D46/><U76/><E76/><AGARI ba="1,1" hai="4,6,7,12,15,56,61,64,76,77,79" m="49647" machi="76" ten="30,1000,0" yaku="8,1" doraHai="45" who="2" fromWho="1" sc="102,0,458,-13,84,23,346,0" /><INIT seed="6,0,0,0,2,43" ten="102,445,107,346" oya="2" hai0="36,65,25,30,98,109,102,64,62,88,49,15,108" hai1="134,29,26,75,53,129,117,113,70,41,74,60,84" hai2="33,99,111,132,112,97,130,91,51,45,22,126,92" hai3="42,127,59,63,114,115,67,54,9,128,39,14,81"/><V105/><F33/><W71/><G81/><T110/><D36/><U23/><E117/><V21/><F112/><N who="3" m="43051" /><G9/><T131/><D15/><U13/><E113/><V20/><F126/><W69/><G14/><T52/><D131/><U94/><E129/><V5/><F130/><W124/><G128/><T123/><D123/><U87/><E134/><V77/><F132/><W95/><G95/><T83/><D62/><U66/><E41/><N who="2" m="25007" /><F111/><W86/><G86/><T106/><D83/><U7/><E53/><V89/><F105/><W107/><G107/><T28/><D88/><N who="2" m="33866" /><F92/><W121/><G121/><T2/><D2/><U61/><E94/><V104/><F104/><W78/><G78/><T80/><D80/><U133/><E133/><V119/><F119/><W96/><G96/><N who="2" m="36937" /><F77/><W79/><G79/><T19/><D19/><U17/><E60/><V56/><F56/><N who="3" m="37351" /><G42/><T93/><D106/><U48/><E48/><V27/><F5/><W50/><G39/><T68/><D68/><AGARI ba="0,0" hai="50,54,59,68,69,71,124,127" m="37351,43051" machi="68" ten="30,7700,0" yaku="15,1,11,1,34,2" doraHai="43" who="3" fromWho="0" sc="102,-77,445,0,107,0,346,77" /><INIT seed="7,0,0,0,1,27" ten="25,445,107,423" oya="3" hai0="16,122,29,31,9,79,28,74,126,100,114,111,98" hai1="107,49,14,104,30,42,35,72,32,75,62,102,57" hai2="129,115,26,68,69,40,65,54,66,19,20,6,83" hai3="45,10,77,86,22,70,47,118,33,34,44,23,81"/><W4/><G118/><T63/><D122/><U85/><E14/><V133/><F115/><W117/><G117/><T38/><D111/><U24/><E85/><V17/><F40/><W60/><G60/><T106/><D38/><U89/><E89/><V21/><F6/><W96/><G70/><T13/><D114/><U132/><E132/><V112/><F112/><W91/><G34/><T78/><D126/><U56/><E35/><V58/><F133/><W105/><G33/><T119/><D119/><U108/><E108/><V12/><F129/><W97/><G105/><T120/><D120/><U76/><E107/><V92/><F92/><W109/><G109/><T113/><D113/><U1/><E1/><V67/><F83/><W116/><G116/><T130/><D130/><U110/><E110/><V80/><F80/><W127/><G127/><T94/><D74/><U103/><E72/><V5/><F5/><W0/><REACH who="3" step="1"/><G97/><REACH who="3" ten="25,445,107,413" step="2"/><T99/><REACH who="0" step="1"/><D63/><REACH who="0" ten="15,445,107,413" step="2"/><U52/><E42/><V37/><F37/><W135/><G135/><T128/><D128/><U36/><E36/><V46/><F69/><W73/><G73/><T123/><D123/><U11/><E104/><V101/><F68/><W82/><G82/><T51/><D51/><U61/><E75/><V64/><F64/><W50/><G50/><T131/><D131/><U3/><E49/><V71/><F71/><W59/><G59/><T2/><D2/><U55/><REACH who="1" step="1"/><E76/><REACH who="1" ten="15,435,107,413" step="2"/><V90/><F67/><W7/><G7/><AGARI ba="0,3" hai="3,7,11,24,30,32,52,55,56,57,61,62,102,103" machi="7" ten="40,8000,1" yaku="1,1,2,1,9,1,52,1,54,1,53,0" doraHai="27" doraHaiUra="18" who="1" fromWho="3" sc="15,0,435,110,107,0,413,-80" owari="15,-48,545,64,107,-29,333,13" /></mjloggm>