<mjloggm ver="2.3"><GO type="137" lobby="0"/><UN n0="%6D%69%6D%69%6B%61%6A%69" n1="%30%30%35%38" n2="%6E%65%77%E5%90%BE%E4%BA%A6%E7%B4%85" n3="%E7%95%99%E8%90%8C" dan="12,11,13,12" rate="1668.81,1787.57,1817.12,1607.31" sx="M,M,M,M"/><TAIKYOKU oya="0"/><INIT seed="0,0,0,0,3,105" ten="250,250,250,250" oya="0" hai0="29,28,68,84,3,15,92,119,7,14,106,57,78" hai1="71,104,44,129,109,51,85,88,134,26,114,24,66" hai2="79,42,76,98,2,35,17,77,49,67,89,125,126" hai3="9,87,81,99,38,34,13,63,54,83,0,107,16"/><T56/><D68/><U60/><E134/><V37/><F2/><W117/><G117/><T32/><D106/><U21/><E129/><V11/><F35/><W113/><G113/><T58/><D119/><U91/><E109/><V90/><F37/><W48/><G34/><T5/><D32/><U31/><E114/><V43/><F67/><W52/><G38/><T102/><D3/><U1/><E1/><V69/><F69/><W40/><G0/><T62/><D78/><U74/><E104/><V108/><F108/><W112/><G112/><T115/><D115/><U130/><E130/><V50/><F11/><W95/><G107/><T100/><D62/><U72/><E91/><N who="2" m="34827" /><F17/><W127/><G127/><N who="2" m="48649" /><F98/><W123/><G123/><T61/><D84/><U124/><E124/><V59/><F59/><N who="3" m="35303" /><G40/><AGARI ba="0,0" hai="40,42,43,49,50,76,77,79" m="48649,34827" machi="40" ten="40,5200,0" yaku="28,2,18,1" doraHai="105" who="2" fromWho="3" sc="250,0,250,0,250,52,250,-52" /><INIT seed="1,0,0,5,4,105" ten="250,250,302,198" oya="1" hai0="87,125,84,39,44,25,18,23,120,29,41,54,110" hai1="14,79,30,123,2,50,9,6,100,124,92,58,59" hai2="46,34,33,78,51,38,86,26,73,93,24,12,53" hai3="21,40,134,0,42,103,35,98,107,70,81,129,82"/><U101/><E123/><V96/><F38/><W99/><G70/><T122/><D125/><U90/><E124/><V20/><F12/><W63/><G0/><T56/><D110/><U1/><E79/><V36/><F36/><W109/><G35/><T5/><D5/><U7/><E30/><V119/><F119/><W114/><G114/><T131/><D131/><U117/><E117/><V16/><F86/><W116/><G63/><T91/><D29/><U104/><E104/><V3/><F3/><W32/><G32/><T4/><D4/><U11/><E14/><V61/><F61/><W111/><G116/><T130/><D130/><U17/><E17/><V118/><F118/><W132/><G21/><T75/><D75/><U72/><E72/><V128/><F128/><W8/><G8/><T60/><REACH who="0" step="1"/><D91/><REACH who="0" ten="240,250,302,198" step="2"/><U121/><E121/><AGARI ba="0,1" hai="18,23,25,39,41,44,54,56,60,84,87,120,121,122" machi="121" ten="40,5200,0" yaku="1,1,2,1,13,1,53,0" doraHai="105" doraHaiUra="94" who="0" fromWho="1" sc="240,62,250,-52,302,0,198,0" /><INIT seed="2,0,0,0,0,83" ten="302,198,302,198" oya="2" hai0="94,121,131,104,30,76,103,110,109,126,135,105,11" hai1="19,33,45,18,65,12,72,39,130,8,37,49,122" hai2="128,40,111,101,36,64,53,84,5,32,95,35,43" hai3="78,51,74,133,75,98,52,0,44,47,88,63,22"/><V46/><F128/><W96/><G0/><T85/><D30/><U125/><E122/><V102/><F64/><W2/><G2/><T116/><D11/><U115/><E72/><V92/><F5/><W28/><G133/><T112/><D121/><U97/><E33/><N who="2" m="12875" /><F53/><W62/><G74/><T123/><D131/><U48/><E115/><V29/><F29/><W38/><G38/><T6/><D6/><U61/><E125/><V16/><F36/><W81/><G28/><T93/><D123/><U124/><E124/><V87/><F16/><W26/><G26/><T27/><D27/><U91/><E130/><V50/><F50/><W9/><G9/><T4/><D4/><U134/><E134/><V80/><F80/><W108/><G108/><N who="0" m="41579" /><D112/><U90/><E90/><V77/><F46/><W71/><G22/><T25/><D25/><U31/><E31/><V57/><F57/><W70/><G70/><T3/><D3/><U99/><E49/><V69/><F77/><W107/><G71/><T59/><D59/><U17/><E91/><V118/><F118/><W82/><G107/><N who="0" m="41035" /><D126/><U10/><E39/><V1/><F69/><W106/><G106/><T117/><D135/><U58/><E37/><V20/><F20/><W54/><G63/><T60/><D60/><U79/><E79/><V100/><F1/><W21/><G62/><T89/><D76/><U42/><REACH who="1" step="1"/><E8/><REACH who="1" ten="302,188,302,198" step="2"/><V113/><F113/><W66/><G21/><T68/><D68/><U15/><E15/><V14/><F14/><W41/><G66/><T129/><D129/><U86/><E86/><N who="2" m="32811" /><F111/><W55/><G44/><RYUUKYOKU ba="0,1" sc="302,0,188,0,302,0,198,0" hai0="85,89,93,94,103,116,117" hai1="10,12,17,18,19,42,45,48,58,61,65,97,99" hai2="40,43,92,95,100,101,102" hai3="41,47,51,52,54,55,75,78,81,82,88,96,98" /><INIT seed="2,1,1,1,4,57" ten="302,188,302,198" oya="2" hai0="38,76,12,17,66,3,40,51,53,115,118,98,64" hai1="5,133,93,32,123,55,112,102,71,11,19,31,10" hai2="48,42,47,121,30,94,77,45,52,14,128,33,60" hai3="61,116,90,101,130,88,79,29,0,132,103,113,87"/><V135/><F121/><W95/><G0/><T119/><D3/><U26/><E112/><V23/><F33/><W134/><G116/><N who="0" m="44587" /><D76/><U104/><E104/><V105/><F105/><W22/><G113/><T35/><D35/><U111/><E71/><V1/><F1/><W92/><G130/><T80/><D80/><U126/><E126/><V8/><F128/><W70/><G29/><T99/><D38/><U36/><E36/><V6/><F135/><N who="3" m="51755" /><G22/><N who="0" m="11559" /><D40/><U85/><E111/><V114/><F114/><W75/><G70/><T13/><D13/><U69/><E69/><V78/><F94/><W43/><G61/><T34/><D34/><U91/><E133/><V125/><F125/><W67/><G43/><T62/><D66/><U84/><E123/><V124/><F124/><W127/><G67/><T24/><D24/><U74/><E74/><V110/><F110/><W49/><G49/><T50/><D115/><U72/><E72/><V39/><F60/><W83/><G127/><T41/><D41/><U129/><E129/><V9/><F9/><W27/><G27/><T15/><D15/><U65/><E65/><V122/><F122/><W59/><G59/><N who="0" m="36959" /><D50/><U21/><E102/><V2/><F2/><W120/><G120/><T82/><D82/><U89/><E55/><V131/><F131/><W18/><G18/><T54/><D54/><U86/><E5/><V16/><F6/><W44/><G44/><AGARI ba="1,1" hai="44,51,53,98,99" m="36959,11559,44587" machi="44" ten="30,2000,0" yaku="12,1,52,1" doraHai="57" who="0" fromWho="3" sc="302,33,188,0,302,0,198,-23" /><INIT seed="3,0,0,4,4,105" ten="335,188,302,175" oya="3" hai0="1,56,2,40,101,51,45,64,12,53,90,79,44" hai1="134,88,83,24,116,13,6,98,72,96,119,120,11" hai2="104,20,59,39,19,7,67,109,27,107,122,100,30" hai3="111,3,121,60,70,41,99,115,117,22,126,49,84"/><W52/><G117/><N who="1" m="45130" /><E120/><V57/><F122/><W127/><G121/><T78/><D101/><U21/><E134/><V74/><F109/><W25/><G115/><T80/><D90/><U95/><E96/><V47/><F7/><W68/><G3/><T48/><D64/><U55/><E55/><V114/><F114/><W35/><G35/><T9/><D78/><N who="1" m="44487" /><E21/><V86/><F74/><W61/><G99/><T0/><D56/><U110/><E24/><V63/><F59/><N who="3" m="33167" /><G84/><T16/><D2/><U123/><E123/><V33/><F100/><W130/><G25/><T14/><REACH who="0" step="1"/><D14/><REACH who="0" ten="325,188,302,175" step="2"/><U87/><E110/><V113/><F113/><W91/><G91/><T36/><D36/><U81/><E98/><V77/><F39/><W8/><G8/><T18/><D18/><U128/><E128/><V42/><F77/><W131/><G111/><T50/><D50/><U38/><E38/><V4/><F4/><W89/><G89/><T58/><D58/><U112/><E112/><V26/><F47/><W5/><G5/><T31/><D31/><U132/><E132/><V28/><F28/><W82/><G130/><T103/><D103/><U106/><E106/><V73/><F107/><W75/><G131/><T62/><D62/><U15/><E15/><V17/><F104/><W34/><G61/><T94/><D94/><AGARI ba="0,1" hai="6,11,13,81,87,88,94,95" m="44487,45130" machi="94" ten="30,3900,0" yaku="12,1,52,1,54,1" doraHai="105" who="1" fromWho="0" sc="325,-39,188,49,302,0,175,0" /><INIT seed="4,0,0,3,0,88" ten="286,237,302,175" oya="0" hai0="121,47,104,7,27,70,31,67,126,132,19,60,95" hai1="2,101,66,96,30,10,89,32,21,86,15,36,56" hai2="0,40,46,98,117,81,91,93,97,106,22,17,64" hai3="112,113,99,52,111,44,85,87,5,54,116,55,79"/><T53/><D104/><U43/><E32/><V84/><F0/><W65/><G116/><T72/><D72/><U92/><E2/><V71/><F117/><W107/><G111/><T69/><D121/><U118/><E118/><V78/><F71/><W103/><G65/><T109/><D132/><U134/><E134/><V61/><F106/><W131/><G5/><T105/><D105/><U133/><E133/><V34/><F34/><W58/><G131/><T13/><D126/><U29/><E21/><V23/><F98/><W76/><G44/><T50/><D7/><U130/><E130/><V59/><F17/><W1/><G1/><T114/><D114/><N who="3" m="44137" /><G58/><T129/><D129/><U77/><E77/><AGARI ba="0,0" hai="52,54,55,76,77,79,85,87,99,103,107" m="44137" machi="77" ten="30,2000,0" yaku="15,1,54,1" doraHai="88" who="3" fromWho="1" sc="286,0,237,-20,302,0,175,20" /><INIT seed="5,0,0,2,5,60" ten="286,217,302,195" oya="1" hai0="82,115,35,93,81,117,113,68,104,109,14,135,26" hai1="28,91,120,3,47,57,80,22,0,66,6,2,74" hai2="63,89,131,122,76,126,73,54,87,85,84,49,55" hai3="128,99,40,10,42,133,116,72,59,107,1,31,96"/><U65/><E120/><V102/><F122/><W121/><G121/><T86/><D117/><U53/><E47/><V103/><F126/><W21/><G72/><T48/><D135/><U56/><E6/><V11/><F131/><W23/><G128/><T41/><D104/><U71/><E71/><V106/><F73/><W5/><G133/><T127/><D68/><U112/><E112/><N who="0" m="43081" /><D109/><U25/><E56/><N who="2" m="35223" /><F106/><W16/><G116/><T78/><D127/><U100/><E100/><N who="2" m="38443" /><F76/><W110/><G110/><T94/><D82/><U129/><E129/><V32/><F32/><W52/><G107/><T130/><D130/><U119/><E119/><V34/><F34/><W132/><G132/><T39/><D39/><U36/><E36/><V90/><F11/><W37/><G99/><T29/><D14/><U79/><REACH who="1" step="1"/><E91/><REACH who="1" ten="286,207,302,195" step="2"/><V95/><F90/><W123/><G37/><T125/><D125/><U24/><E24/><V19/><F19/><W105/><G123/><T124/><D124/><U101/><E101/><V18/><F18/><W17/><G17/><T33/><D33/><U114/><E114/><V9/><F9/><W50/><G10/><T98/><D98/><U12/><E12/><V20/><F20/><W111/><G5/><T61/><D61/><AGARI ba="0,1" hai="0,2,3,22,25,28,53,57,61,65,66,74,79,80" machi="61" ten="40,7700,0" yaku="1,1,52,2,53,0" doraHai="60" doraHaiUra="64" who="1" fromWho="0" sc="286,-77,207,87,302,0,195,0" /><INIT seed="5,1,0,2,5,27" ten="209,294,302,195" oya="1" hai0="1,57,112,69,54,124,121,47,117,58,93,74,130" hai1="0,5,96,122,115,109,30,37,120,79,4,26,70" hai2="8,67,72,16,95,31,114,11,118,15,116,83,98" hai3="71,40,23,45,25,77,62,126,64,55,103,38,80"/><U76/><E70/><V9/><F67/><W127/><G103/><T29/><D112/><U60/><E37/><V6/><F72/><W100/><G100/><T22/><D93/><U132/><E132/><V28/><F114/><W10/><G10/><N who="2" m="4201" /><F118/><W7/><G7/><T52/><D74/><U63/><E26/><V97/><F116/><W56/><G80/><T14/><D1/><U24/><E115/><V73/><F73/><W12/><G77/><T32/><D32/><U17/><E17/><V135/><F135/><W91/><G91/><T75/><D75/><U78/><E78/><V81/><F6/><W89/><G89/><T90/><D90/><U46/><E46/><V119/><F119/><W33/><G33/><T42/><D117/><U48/><E48/><V94/><F83/><W84/><G84/><T20/><D121/><U101/><E101/><N who="2" m="60599" /><F81/><W13/><G126/><T85/><D69/><U61/><E61/><V106/><F106/><W50/><REACH who="3" step="1"/><G127/><REACH who="3" ten="209,294,302,185" step="2"/><T110/><D124/><U65/><E5/><V99/><F95/><W86/><G86/><T59/><D85/><U133/><E4/><V111/><F111/><W2/><G2/><T82/><D110/><U18/><E0/><V51/><F51/><W41/><G41/><T36/><D82/><U107/><E76/><V102/><F102/><W21/><G21/><T129/><D14/><U3/><E79/><V92/><F92/><W53/><G53/><N who="0" m="20587" /><D20/><U104/><E3/><V34/><F34/><W43/><G43/><T113/><D113/><U88/><E107/><V66/><F66/><W44/><G44/><RYUUKYOKU ba="1,1" sc="209,10,294,-30,302,10,185,10" hai0="22,29,36,42,47,57,58,59,129,130" hai2="11,15,16,28,31,98,99" hai3="12,13,23,25,38,40,45,50,55,56,62,64,71" /><INIT seed="6,2,1,5,0,60" ten="219,264,312,195" oya="2" hai0="49,43,2,113,109,110,10,68,66,134,31,13,33" hai1="96,130,91,101,82,56,81,90,12,69,47,114,5" hai2="44,11,87,46,75,73,24,16,133,41,29,108,62" hai3="84,55,59,40,129,124,100,135,77,0,64,35,53"/><V45/><F133/><W105/><G35/><T7/><D113/><U36/><E69/><V27/><F108/><W128/><G0/><T102/><D134/><U122/><E122/><V3/><F41/><W99/><G40/><T42/><D13/><U98/><E114/><V80/><F62/><W123/><G123/><T1/><D1/><U8/><E130/><N who="3" m="50282" /><G135/><T111/><D49/><U125/><E125/><V92/><F92/><W117/><G117/><T17/><D17/><U25/><E56/><V88/><F27/><W83/><G124/><T65/><D102/><U9/><E36/><V89/><F89/><W104/><G104/><T63/><REACH who="0" step="1"/><D66/><REACH who="0" ten="209,264,312,195" step="2"/><U78/><E12/><V19/><F3/><W127/><G127/><T115/><D115/><U61/><E5/><V28/><F75/><W14/><G14/><T119/><D119/><U22/><E25/><AGARI ba="2,2" hai="2,7,10,25,31,33,42,43,63,65,68,109,110,111" machi="25" ten="40,5200,0" yaku="1,1,52,1,53,1" doraHai="60" doraHaiUra="58" who="0" fromWho="1" sc="209,78,264,-58,312,0,195,0" /><INIT seed="7,0,0,2,1,3" ten="287,206,312,195" oya="3" hai0="53,43,10,111,55,102,132,42,134,62,68,76,27" hai1="104,133,92,6,71,98,131,126,44,128,105,70,90" hai2="51,94,95,88,9,85,113,114,11,47,37,33,72" hai3="121,80,40,100,20,81,129,112,135,25,28,96,115"/><W125/><G121/><T65/><D76/><U78/><E78/><V35/><F72/><W21/><G40/><T32/><D102/><U19/><E133/><N who="0" m="51305" /><D10/><N who="2" m="3594" /><F37/><W24/><G135/><T73/><D73/><U31/><E31/><V97/><F51/><W45/><G45/><T56/><D27/><U59/><E126/><V63/><F63/><W52/><G125/><T49/><D32/><U46/><E59/><V48/><F95/><N who="3" m="58399" /><G52/><N who="0" m="31759" /><D111/><U22/><E22/><V12/><F12/><W110/><G129/><N who="1" m="49738" /><E6/><V84/><F35/><W91/><G110/><T7/><D7/><U101/><E19/><V122/><F33/><W64/><G91/><T39/><D43/><U130/><E130/><V23/><F23/><W38/><G38/><T2/><D2/><U103/><E103/><V74/><F74/><W79/><G64/><T61/><D61/><U93/><E93/><V18/><F18/><W117/><G117/><T77/><D77/><U13/><E13/><V116/><F116/><W1/><G1/><T67/><D67/><U36/><E101/><V87/><F122/><W58/><G58/><T15/><D15/><U108/><E108/><V30/><F30/><N who="3" m="17671" /><G79/><T54/><D54/><U109/><E109/><V69/><F69/><N who="1" m="26121" /><E36/><V86/><F97/><W107/><G107/><AGARI ba="0,0" hai="44,46,90,92,98,104,105,107" m="26121,49738" machi="107" ten="40,1300,0" yaku="19,1" doraHai="3" who="1" fromWho="3" sc="287,0,206,13,312,0,195,-13" owari="287,9,219,-18,312,41,182,-32" /></mjloggm>