<mjloggm ver="2.3"><GO type="137" lobby="0"/><UN n0="%74%6F%75%79%6F%75%35%37" n1="%6B%6F%69%74%6F%6B%61%77" n2="%70%6C%61%74%69%6E%75%6D" n3="%E7%95%99%E8%90%8C" dan="12,12,11,12" rate="1748.86,1685.62,1618.92,1622.53" sx="M,M,F,M"/><TAIKYOKU oya="0"/><INIT seed="0,0,0,5,2,62" ten="250,250,250,250" oya="0" hai0="89,116,2,106,53,28,128,25,6,73,5,92,107" hai1="41,114,42,74,55,91,22,47,66,9,83,38,120" hai2="113,10,100,50,15,81,68,88,40,123,27,134,105" hai3="121,90,18,85,24,30,94,97,119,80,115,70,29"/><T67/><D73/><U76/><E120/><V72/><F134/><W69/><G119/><T49/><D116/><U118/><E118/><V32/><F123/><W3/><G115/><T99/><D128/><U44/><E114/><V31/><F113/><W132/><G132/><T59/><D2/><U131/><E131/><V117/><F117/><W64/><G3/><T37/><D37/><U58/><E22/><V51/><F68/><W130/><G130/><T11/><D11/><U45/><E91/><V63/><F63/><W14/><G69/><T36/><D36/><U54/><E42/><V104/><F100/><W111/><G111/><T43/><D43/><U16/><E38/><V84/><F72/><W48/><G48/><T129/><D129/><U12/><E41/><V103/><F103/><W95/><G70/><T122/><D122/><U19/><REACH who="1" step="1"/><E19/><REACH who="1" ten="250,240,250,250" step="2"/><V127/><F40/><W98/><G121/><T110/><D110/><U79/><E79/><V133/><F133/><W0/><G0/><T39/><D39/><U1/><E1/><V112/><F112/><W57/><G18/><T52/><D5/><U13/><E13/><V23/><F127/><W78/><G78/><T65/><D6/><U26/><E26/><V86/><F23/><N who="3" m="15519" /><G14/><T93/><D53/><U71/><E71/><V124/><F124/><W34/><G34/><T20/><D93/><N who="3" m="35337" /><G30/><T101/><D107/><U7/><E7/><N who="2" m="3551" /><F84/><AGARI ba="0,1" hai="20,25,28,49,52,59,65,67,84,89,92,99,101,106" machi="84" ten="30,11600,0" yaku="7,1,52,2,54,1" doraHai="62" who="0" fromWho="2" sc="250,126,240,0,250,-116,250,0" /><INIT seed="0,1,0,2,0,11" ten="376,240,134,250" oya="0" hai0="21,70,75,77,61,5,100,72,38,13,123,46,127" hai1="86,17,68,111,110,79,34,66,37,3,16,54,41" hai2="109,124,69,14,40,51,108,56,23,31,2,130,1" hai3="0,98,4,35,134,122,99,87,29,39,113,128,91"/><T117/><D117/><U47/><E34/><V104/><F104/><W7/><G113/><T8/><D123/><U60/><E3/><N who="2" m="1035" /><F69/><W89/><G39/><T126/><D100/><U24/><E24/><N who="2" m="16799" /><F40/><W95/><G128/><T93/><D93/><U57/><E79/><V116/><F116/><W59/><G134/><T106/><D106/><U64/><E64/><V83/><F83/><N who="3" m="49407" /><G122/><T49/><D77/><U105/><E86/><V131/><F56/><W88/><G35/><T115/><D115/><U82/><E82/><V67/><F67/><W62/><G0/><T50/><D38/><U112/><E105/><V27/><F51/><W90/><G29/><T94/><D94/><U73/><E73/><V135/><F27/><W28/><G28/><T74/><D21/><U118/><E118/><V19/><F135/><W42/><G42/><T12/><D50/><N who="1" m="30935" /><E112/><V71/><F71/><W76/><G76/><T121/><D121/><U125/><E125/><N who="0" m="47625" /><D61/><U22/><E22/><N who="2" m="11639" /><F124/><W6/><G95/><T103/><D103/><U80/><E80/><V63/><F63/><W53/><AGARI ba="1,0" hai="4,6,7,53,59,62,88,90,91,98,99" m="49407" machi="53" ten="30,2000,0" yaku="8,1,54,1" doraHai="11" who="3" fromWho="3" sc="376,-11,240,-6,134,-6,250,23" /><INIT seed="1,0,0,0,5,108" ten="365,234,128,273" oya="1" hai0="65,28,131,56,33,121,116,110,99,66,82,52,16" hai1="127,103,134,6,51,24,87,0,38,117,8,55,5" hai2="128,12,42,85,115,77,95,35,114,61,129,43,90" hai3="104,120,88,74,81,118,80,78,53,22,130,113,101"/><U93/><E117/><V76/><F35/><W111/><G118/><T106/><D116/><U125/><E38/><V17/><F61/><W79/><G120/><T97/><D110/><U21/><E134/><V2/><F2/><W49/><G111/><T123/><D131/><N who="2" m="50250" /><F42/><W19/><G130/><T46/><D82/><U86/><E6/><V100/><F43/><W32/><G32/><T30/><D46/><U54/><E103/><V9/><F100/><W48/><G113/><AGARI ba="0,0" hai="9,12,17,76,77,85,90,95,113,114,115" m="50250" machi="113" ten="30,8000,1" yaku="11,1,19,1,52,3" doraHai="108" who="2" fromWho="3" sc="365,0,234,0,128,80,273,-80" /><INIT seed="2,0,0,1,4,131" ten="365,234,208,193" oya="2" hai0="117,120,16,52,28,128,84,70,14,115,55,118,59" hai1="54,48,133,53,108,49,32,29,76,24,31,35,7" hai2="15,86,74,51,6,97,2,104,19,56,41,9,125" hai3="67,112,39,130,43,66,132,100,89,30,12,17,111"/><V33/><F74/><W101/><G30/><T121/><D70/><U37/><E37/><V22/><F33/><W68/><G130/><T96/><D128/><U1/><E108/><V78/><F125/><W72/><G111/><T85/><D96/><U122/><E122/><V129/><F129/><W40/><G112/><T99/><D99/><U83/><E31/><V8/><F104/><W46/><G72/><T95/><D28/><U73/><E35/><V75/><F75/><W107/><G132/><T0/><D0/><U18/><E1/><V134/><F97/><W77/><G89/><T25/><D25/><U103/><E103/><V116/><F116/><N who="0" m="44650" /><D115/><U61/><E7/><V119/><F119/><W13/><G77/><T79/><D79/><U71/><E133/><V94/><F9/><W82/><G82/><T10/><D95/><U45/><E71/><V36/><F36/><W91/><G91/><T34/><D34/><U88/><E61/><V65/><F41/><W21/><G43/><T92/><D92/><U27/><E27/><V106/><F106/><W113/><G113/><T58/><D58/><U63/><E63/><V110/><F110/><W123/><G123/><N who="0" m="47179" /><D55/><U109/><E109/><V87/><F134/><W69/><G107/><T57/><D57/><N who="1" m="32935" /><E18/><V38/><F38/><W26/><G69/><T42/><D42/><U105/><E105/><V60/><F51/><AGARI ba="0,0" hai="10,14,16,51,52,59,84,85" m="47179,44650" machi="51" ten="30,3900,0" yaku="12,1,54,2" doraHai="131" who="0" fromWho="2" sc="365,39,234,0,208,-39,193,0" /><INIT seed="3,0,0,5,1,127" ten="404,234,169,193" oya="3" hai0="121,26,96,35,73,63,135,69,87,77,4,91,13" hai1="79,33,67,123,32,112,84,134,29,8,2,49,81" hai2="66,16,130,131,108,74,20,25,101,70,42,115,34" hai3="3,24,22,76,54,86,97,7,80,88,1,43,48"/><W125/><G43/><T37/><D121/><U93/><E112/><V44/><F74/><W78/><G125/><T39/><D135/><U12/><E123/><V118/><F118/><W68/><G68/><T38/><D96/><U11/><E134/><V90/><F115/><W65/><G65/><T23/><D35/><U72/><E72/><V98/><F90/><W28/><G7/><T14/><D4/><U128/><E67/><V114/><F34/><W132/><G132/><T75/><D63/><U50/><E29/><V62/><F114/><W36/><G36/><T117/><D117/><U89/><E33/><V133/><F133/><W57/><REACH who="3" step="1"/><G97/><REACH who="3" ten="404,234,169,183" step="2"/><T92/><D69/><U85/><E2/><AGARI ba="0,1" hai="1,2,3,22,24,28,48,54,57,76,78,80,86,88" machi="2" ten="40,12000,1" yaku="1,1,2,1,54,1,53,1" doraHai="127" doraHaiUra="82" who="3" fromWho="1" sc="404,0,234,-120,169,0,183,130" /><INIT seed="3,1,0,0,2,101" ten="404,114,169,313" oya="3" hai0="131,99,102,36,47,109,112,61,41,95,71,111,115" hai1="98,3,56,57,28,113,68,83,52,94,85,46,17" hai2="48,49,134,125,15,24,114,40,87,64,78,76,129" hai3="107,21,53,33,108,26,51,75,96,37,39,86,13"/><W110/><G75/><T120/><D120/><U9/><E113/><N who="0" m="43593" /><D131/><U126/><E68/><V84/><F129/><W104/><G86/><N who="2" m="32809" /><F114/><W54/><G33/><T20/><D20/><U79/><E126/><V58/><F125/><W43/><G13/><T89/><D89/><U50/><E28/><V116/><F134/><W122/><G122/><T93/><D93/><U66/><E66/><AGARI ba="1,0" hai="36,41,47,61,66,71,95,99,102,109,111" m="43593" machi="66" ten="30,1000,0" yaku="11,1" doraHai="101" who="0" fromWho="1" sc="404,13,114,-13,169,0,313,0" /><INIT seed="4,0,0,5,4,44" ten="417,101,169,313" oya="0" hai0="11,59,3,65,52,86,19,107,64,120,25,126,77" hai1="22,90,132,84,72,79,127,42,113,124,115,1,7" hai2="76,24,93,85,92,112,70,20,57,54,63,83,66" hai3="32,95,58,128,8,94,12,55,117,38,5,18,39"/><T121/><D107/><U26/><E42/><V133/><F112/><N who="1" m="43081" /><E1/><V21/><F133/><W35/><G117/><T51/><D126/><N who="1" m="48171" /><E7/><V28/><REACH who="2" step="1"/><F21/><REACH who="2" ten="417,101,159,313" step="2"/><W135/><G135/><T40/><D121/><U61/><E22/><V88/><F88/><W15/><G35/><T49/><D120/><U71/><E26/><V123/><F123/><W30/><G32/><T23/><D77/><U0/><E132/><V4/><F4/><W27/><G30/><T102/><D102/><U10/><E0/><V48/><AGARI ba="0,1" hai="20,24,28,48,54,57,63,66,70,76,83,85,92,93" machi="48" ten="20,5200,0" yaku="1,1,0,1,7,1,52,1,53,0" doraHai="44" doraHaiUra="9" who="2" fromWho="2" sc="417,-26,101,-13,159,62,313,-13" /><INIT seed="5,0,0,2,3,25" ten="391,88,221,300" oya="1" hai0="75,10,34,128,64,132,76,43,116,66,51,127,53" hai1="120,61,18,90,1,45,70,121,133,49,111,65,101" hai2="81,118,129,135,54,131,126,7,86,29,100,55,104" hai3="30,97,47,41,112,58,22,74,21,85,93,105,26"/><U17/><E1/><V88/><F118/><W80/><G74/><T72/><D116/><U42/><E133/><V92/><F126/><W2/><G2/><T37/><D132/><U114/><E114/><V69/><F69/><W108/><G108/><T16/><D128/><N who="2" m="49226" /><F135/><W50/><G105/><T96/><D127/><U56/><E101/><V94/><F7/><W103/><G112/><T6/><D34/><U19/><E111/><V23/><F104/><W62/><G62/><T115/><D115/><U134/><E134/><V0/><F0/><W28/><G58/><T122/><D122/><U78/><E78/><V32/><F32/><W9/><G9/><T98/><D72/><U46/><E90/><V33/><F33/><W124/><G124/><T117/><D117/><U130/><E130/><V5/><F5/><W102/><G102/><T39/><D39/><U27/><E27/><N who="2" m="16639" /><F100/><W87/><G80/><T123/><D123/><U36/><E46/><V125/><F125/><W99/><REACH who="3" step="1"/><G97/><REACH who="3" ten="391,88,221,290" step="2"/><T73/><D98/><U109/><REACH who="1" step="1"/><E109/><REACH who="1" ten="391,78,221,290" step="2"/><V60/><F60/><W13/><G13/><T95/><D73/><U110/><E110/><V4/><F4/><W77/><G77/><T38/><D76/><U89/><E89/><N who="2" m="51407" /><F94/><W113/><G113/><T63/><D75/><U11/><E11/><V3/><F3/><W91/><G91/><T14/><D14/><U52/><AGARI ba="0,2" hai="17,18,19,36,42,45,49,52,56,61,65,70,120,121" machi="52" ten="30,18000,2" yaku="1,1,0,1,24,2,54,1,53,1" doraHai="25" doraHaiUra="68" who="1" fromWho="1" sc="391,-60,78,200,221,-60,290,-60" /><INIT seed="5,1,0,3,0,87" ten="331,278,161,230" oya="1" hai0="57,53,32,125,20,44,95,75,128,38,48,70,124" hai1="2,113,30,108,135,123,15,63,11,27,101,8,106" hai2="72,78,129,127,14,46,89,114,134,91,43,120,31" hai3="104,93,24,80,84,23,122,34,90,5,3,100,16"/><U92/><E123/><V56/><F120/><W40/><G122/><T39/><D75/><U25/><E106/><V69/><F69/><W36/><G34/><T132/><D32/><U35/><E113/><V62/><F134/><W41/><G3/><T64/><D20/><U73/><E73/><V98/><F98/><W7/><G36/><N who="0" m="13867" /><D95/><U96/><E135/><V50/><F129/><W65/><G65/><T6/><D6/><N who="3" m="2057" /><G104/><T29/><D29/><U26/><E2/><V81/><F127/><N who="0" m="48714" /><D132/><U54/><E108/><V126/><F114/><W17/><G17/><T118/><D118/><U103/><E103/><V0/><F0/><W102/><G80/><T115/><D115/><U58/><E11/><V28/><F126/><W10/><G10/><T47/><D128/><U112/><E112/><V61/><F61/><AGARI ba="1,0" hai="44,47,48,53,57,61,64,70" m="48714,13867" machi="61" ten="30,3900,0" yaku="18,1,34,2" doraHai="87" who="0" fromWho="2" sc="331,42,278,0,161,-42,230,0" /><INIT seed="6,0,0,0,5,19" ten="373,278,119,230" oya="2" hai0="38,93,49,81,63,42,69,94,11,52,99,132,106" hai1="124,125,84,0,77,36,70,56,62,133,16,48,30" hai2="44,79,64,111,108,104,65,50,112,103,45,67,61" hai3="15,33,40,72,6,100,80,73,31,102,135,32,119"/><V35/><F79/><W58/><G119/><T9/><D132/><U24/><E0/><V10/><F35/><W71/><G135/><T87/><D106/><U88/><E36/><V78/><F78/><W12/><G71/><T96/><D69/><U5/><E5/><V123/><F123/><W54/><G40/><T60/><D38/><U92/><E133/><V82/><F82/><W34/><G31/><T105/><D105/><U86/><E70/><N who="2" m="42255" /><F112/><W22/><G80/><T118/><D118/><U43/><E77/><V126/><F126/><N who="1" m="48745" /><E43/><V17/><F103/><W20/><G58/><N who="0" m="33039" /><D42/><U41/><E41/><N who="2" m="24847" /><F104/><W95/><G54/><T25/><D25/><U114/><E114/><V90/><F45/><W74/><G6/><T55/><D81/><U23/><E48/><V75/><F75/><W8/><G8/><N who="0" m="3147" /><D87/><N who="1" m="52255" /><E30/><V98/><F98/><N who="0" m="37418" /><D55/><AGARI ba="0,0" hai="16,23,24,55,56,62,84,86" m="52255,48745" machi="55" ten="30,7700,0" yaku="18,1,52,1,54,2" doraHai="19" who="1" fromWho="0" sc="373,-77,278,77,119,0,230,0" /><INIT seed="7,0,0,3,3,119" ten="296,355,119,230" oya="3" hai0="122,104,121,86,30,8,95,83,135,130,116,128,99" hai1="18,78,97,64,21,29,32,75,5,91,74,25,44" hai2="27,120,114,133,26,54,6,85,7,134,19,100,58" hai3="24,61,41,62,42,108,49,45,31,39,20,68,15"/><W48/><G68/><T94/><D30/><U65/><E74/><V50/><F100/><W125/><G125/><T28/><D28/><U123/><E123/><N who="0" m="47113" /><D8/><U60/><E5/><N who="2" m="1547" /><F120/><W51/><G108/><T59/><D59/><U4/><E4/><V72/><F72/><W90/><G90/><N who="0" m="51551" /><D116/><U33/><E33/><V35/><F35/><W63/><G42/><T93/><D135/><N who="2" m="51722" /><F114/><W1/><REACH who="3" step="1"/><G15/><REACH who="3" ten="296,355,119,220" step="2"/><T115/><D115/><U23/><E32/><V113/><F113/><W0/><AGARI ba="0,1" hai="0,1,20,24,31,39,41,45,48,49,51,61,62,63" machi="0" ten="40,18000,2" yaku="1,1,2,1,0,1,53,3" doraHai="119" doraHaiUra="56" who="3" fromWho="3" sc="296,-60,355,-60,119,-60,220,190" owari="236,-16,295,10,59,-44,410,50" /></mjloggm>