<mjloggm ver="2.3"><GO type="137" lobby="0"/><UN n0="%E7%95%99%E8%90%8C" n1="%6B%72%79%75" n2="%74%61%72%6F%31%31%32%32" n3="%E7%AB%8B%E7%9B%B4%4B%69%6E%67" dan="12,11,12,13" rate="1592.67,1600.89,1729.88,1757.55" sx="M,M,M,M"/><TAIKYOKU oya="0"/><INIT seed="0,0,0,5,4,83" ten="250,250,250,250" oya="0" hai0="7,107,43,39,18,95,98,59,12,116,35,71,52" hai1="127,29,42,94,56,130,36,103,2,8,120,122,102" hai2="114,14,76,10,115,85,50,82,44,128,45,123,101" hai3="26,97,51,121,69,88,86,1,75,84,23,112,109"/><T125/><D116/><U131/><E127/><V9/><F123/><N who="1" m="47145" /><E29/><V124/><F124/><W31/><G121/><T91/><D71/><U113/><E113/><V129/><F101/><N who="1" m="38409" /><E94/><V110/><F110/><W38/><G112/><T134/><D125/><U93/><E93/><V11/><F14/><W53/><G109/><T17/><D35/><U68/><E68/><V19/><F19/><W87/><G69/><T133/><D107/><U13/><E2/><V34/><F34/><W100/><G75/><T60/><D39/><U30/><E30/><V20/><F20/><W16/><G38/><T64/><D43/><U74/><E74/><V46/><REACH who="2" step="1"/><F50/><REACH who="2" ten="250,250,240,250" step="2"/><W0/><G31/><T81/><D12/><U111/><E111/><V72/><F72/><W126/><G126/><T4/><D4/><U106/><E36/><V119/><F119/><W90/><G1/><T78/><D7/><N who="1" m="3231" /><E106/><V80/><F80/><W47/><REACH who="3" step="1"/><G0/><REACH who="3" ten="250,250,240,240" step="2"/><T27/><D64/><U5/><E5/><V118/><F118/><W6/><G6/><T67/><D67/><U37/><E37/><V99/><F99/><W57/><G57/><T21/><REACH who="0" step="1"/><D17/><REACH who="0" ten="240,250,240,240" step="2"/><U63/><E42/><V92/><F92/><AGARI ba="0,3" hai="16,23,26,47,51,53,84,86,87,88,90,92,97,100" machi="92" ten="40,12000,2" yaku="1,1,8,1,52,3,54,2,53,0" doraHai="83" doraHaiUra="61" who="3" fromWho="2" sc="240,0,250,0,240,-120,240,150" /><INIT seed="1,0,0,3,3,76" ten="240,250,120,390" oya="1" hai0="57,123,71,13,2,10,97,19,38,51,98,63,89" hai1="23,92,8,111,25,106,72,3,132,75,65,68,61" hai2="5,54,18,35,83,33,124,103,70,22,109,69,91" hai3="6,64,100,94,121,11,134,12,39,1,133,86,36"/><U81/><E106/><V20/><F103/><W102/><G121/><T62/><D123/><U95/><E132/><N who="3" m="50794" /><G64/><T80/><D38/><N who="3" m="14377" /><G1/><T24/><D2/><U113/><E113/><V119/><F119/><W78/><G94/><T16/><D71/><U37/><E37/><V131/><F5/><W58/><G58/><T60/><D51/><U28/><E111/><V53/><F109/><W117/><G117/><T44/><D44/><U21/><E21/><V17/><F91/><W120/><G120/><T74/><D74/><U112/><E112/><V110/><F110/><W29/><G29/><T46/><D46/><U48/><E48/><V50/><F50/><W101/><G101/><T66/><D24/><U79/><REACH who="1" step="1"/><E72/><REACH who="1" ten="240,240,120,390" step="2"/><V108/><F108/><W42/><G42/><T32/><D32/><U27/><E27/><V59/><F131/><W114/><G114/><T77/><D19/><U90/><E90/><V73/><F73/><W26/><G26/><T34/><D34/><U0/><E0/><V130/><F130/><W45/><G45/><T85/><REACH who="0" step="1"/><D77/><REACH who="0" ten="230,240,120,390" step="2"/><U9/><E9/><V41/><F41/><W15/><G15/><T88/><D88/><U14/><E14/><V118/><F118/><W43/><G43/><T56/><D56/><U99/><E99/><AGARI ba="0,2" hai="10,13,16,57,60,62,63,66,80,85,89,97,98,99" machi="99" ten="40,8000,1" yaku="1,1,8,1,52,1,54,1,53,0" doraHai="76" doraHaiUra="47" who="0" fromWho="1" sc="230,100,240,-80,120,0,390,0" /><INIT seed="2,0,0,0,5,98" ten="330,160,120,390" oya="2" hai0="52,62,9,64,132,129,60,19,77,99,22,7,65" hai1="4,40,118,33,67,82,66,16,130,106,115,103,95" hai2="134,24,45,10,18,88,8,101,38,30,1,128,102" hai3="63,78,61,55,85,3,13,35,116,109,120,2,71"/><V93/><F38/><W126/><G120/><T29/><D132/><U75/><E118/><V32/><F134/><W127/><G116/><T20/><D129/><U53/><E115/><V27/><F128/><W46/><G35/><T73/><D73/><U70/><E130/><V121/><F121/><W104/><G104/><T69/><D77/><U100/><E33/><V56/><F45/><W17/><G109/><T105/><D105/><U49/><E40/><V12/><F56/><N who="3" m="34975" /><G46/><T92/><D29/><U5/><E106/><V44/><F44/><W114/><G114/><T26/><D22/><U94/><E70/><V59/><F59/><W68/><G78/><T47/><D47/><U125/><E125/><N who="3" m="47626" /><G85/><T91/><D52/><U122/><E122/><V80/><F80/><W57/><G71/><T96/><D96/><U119/><E119/><V87/><F27/><W90/><G68/><T124/><D124/><U117/><E117/><V74/><F74/><W0/><G90/><T21/><D21/><U76/><E4/><V97/><F97/><W48/><G48/><T72/><D72/><U86/><E5/><V11/><REACH who="2" step="1"/><F1/><REACH who="2" ten="330,160,110,390" step="2"/><W23/><G3/><T83/><D7/><U51/><E75/><V79/><F79/><W42/><G42/><T111/><D83/><U28/><E76/><V37/><F37/><W107/><G107/><T31/><D69/><U50/><E82/><V110/><F110/><W133/><G133/><T43/><D111/><U15/><E86/><V34/><F34/><W123/><G123/><T89/><D43/><U41/><E41/><V36/><F36/><RYUUKYOKU ba="0,1" sc="330,-15,160,-15,110,15,390,15" hai2="8,10,11,12,18,24,30,32,87,88,93,101,102" hai3="0,2,13,17,23,57,63" /><INIT seed="2,1,1,2,2,61" ten="315,145,125,405" oya="2" hai0="38,74,5,65,113,130,8,119,115,19,12,89,26" hai1="54,78,17,32,40,134,76,127,103,68,29,23,10" hai2="3,15,31,22,120,117,58,69,81,99,125,59,84" hai3="93,129,18,43,46,62,111,88,131,96,48,16,47"/><V133/><F3/><W91/><G111/><T98/><D38/><U87/><E134/><V0/><F0/><W97/><G62/><T90/><D74/><U83/><E127/><V112/><F117/><W56/><G56/><T13/><D115/><U11/><E68/><V67/><F112/><W107/><G107/><T108/><D113/><U49/><E40/><V101/><F120/><W25/><G25/><T102/><D119/><U50/><E103/><V64/><F69/><W100/><G100/><T27/><D108/><U1/><E1/><V42/><F42/><W79/><G79/><T71/><D130/><N who="3" m="49673" /><G47/><T116/><D116/><U110/><E110/><V86/><F133/><W7/><G7/><T35/><D65/><N who="2" m="25162" /><F125/><W121/><G121/><T105/><D71/><U70/><E70/><V114/><F114/><W124/><G124/><T128/><D128/><U6/><E78/><N who="2" m="46135" /><F86/><N who="3" m="52375" /><G91/><T33/><D33/><U80/><E80/><V135/><F135/><W132/><G132/><T14/><D35/><U123/><E123/><V51/><F51/><W34/><G34/><T9/><REACH who="0" step="1"/><D12/><REACH who="0" ten="305,145,125,405" step="2"/><U104/><E104/><V122/><F122/><W77/><G77/><T72/><D72/><U73/><E73/><V94/><F15/><W95/><G95/><T118/><D118/><U28/><E32/><V126/><F126/><W39/><G39/><T53/><D53/><U36/><E36/><V2/><F2/><W106/><G106/><T20/><D20/><U37/><E37/><V82/><F82/><W45/><G45/><T55/><D55/><U92/><E11/><V4/><F4/><RYUUKYOKU ba="1,2" sc="305,10,145,-30,125,10,405,10" hai0="5,8,9,13,14,19,26,27,89,90,98,102,105" hai2="22,31,58,59,94,99,101" hai3="16,18,43,46,48,96,97" /><INIT seed="2,2,2,4,5,87" ten="315,115,135,415" oya="2" hai0="80,1,116,122,6,111,77,38,90,48,58,78,83" hai1="133,31,79,120,42,57,86,66,55,40,91,51,75" hai2="119,129,10,85,3,62,8,45,12,67,49,0,93" hai3="59,21,36,99,16,103,88,73,109,127,56,135,2"/><V112/><F112/><W26/><G2/><T17/><D122/><U65/><E120/><V53/><F119/><W39/><G73/><T19/><D38/><U76/><E133/><V110/><F129/><W43/><G135/><T102/><D116/><U74/><E31/><V131/><F131/><W106/><G127/><T92/><D111/><U46/><E42/><V34/><F34/><W63/><G109/><T18/><D102/><U71/><E75/><V14/><F110/><W117/><G117/><T22/><D6/><U20/><E20/><V97/><F85/><W50/><G88/><T100/><D1/><U104/><E104/><V13/><F3/><W54/><REACH who="3" step="1"/><G43/><REACH who="3" ten="315,115,135,405" step="2"/><T32/><D100/><U41/><E41/><V123/><F0/><W4/><G4/><T27/><D32/><U132/><E132/><V128/><F123/><W72/><G72/><T64/><D64/><AGARI ba="2,3" hai="16,21,26,36,39,50,54,56,59,63,64,99,103,106" machi="64" ten="30,3900,0" yaku="1,1,7,1,54,1,53,0" doraHai="87" doraHaiUra="82" who="3" fromWho="0" sc="315,-45,115,0,135,0,405,75" /><INIT seed="3,0,0,2,1,18" ten="270,115,135,480" oya="3" hai0="124,57,38,28,105,107,61,34,127,51,27,31,17" hai1="131,76,4,70,40,118,123,60,98,90,19,49,78" hai2="43,130,67,116,119,30,42,32,102,95,79,125,7" hai3="120,114,113,129,128,14,64,112,108,133,92,39,16"/><W59/><G120/><T82/><D38/><U91/><E123/><V62/><F130/><N who="3" m="50283" /><G39/><T72/><D31/><U58/><E118/><V25/><F125/><N who="0" m="48202" /><D17/><U50/><E131/><V117/><F79/><W33/><G33/><T83/><D72/><U81/><E70/><V66/><F7/><W126/><G126/><T48/><D61/><U22/><E4/><V85/><F66/><W110/><G133/><T8/><D8/><U44/><E49/><N who="0" m="19017" /><D57/><U97/><E78/><V63/><F63/><N who="3" m="38015" /><G92/><T23/><D34/><U41/><E41/><V20/><F32/><W71/><G71/><T12/><D12/><U111/><E111/><N who="3" m="42538" /><G113/><T77/><D77/><U101/><E98/><V73/><F73/><W11/><AGARI ba="0,0" hai="11,14,16,112,114" m="42538,38015,50283" machi="11" ten="30,11700,0" yaku="19,1,14,1,10,1,54,1" doraHai="18" who="3" fromWho="3" sc="270,-39,115,-39,135,-39,480,117" /><INIT seed="3,1,0,2,4,41" ten="231,76,96,597" oya="3" hai0="24,91,11,116,98,113,50,58,56,93,10,25,45" hai1="59,107,74,35,104,129,33,46,6,76,101,108,0" hai2="68,85,4,16,100,63,126,117,115,92,29,133,90" hai3="51,95,38,97,47,1,19,26,40,105,75,8,52"/><W36/><G105/><T5/><D116/><U7/><E129/><V22/><F117/><W123/><G123/><T53/><D113/><U21/><E108/><V130/><F115/><W12/><G75/><T65/><D65/><U118/><E118/><V64/><F130/><W99/><G1/><T106/><D106/><U67/><E46/><V27/><F133/><W61/><G26/><T57/><REACH who="0" step="1"/><D11/><REACH who="0" ten="221,76,96,597" step="2"/><U122/><E122/><V14/><F126/><W79/><G79/><T77/><D77/><U32/><E21/><V121/><F121/><W124/><G124/><T72/><D72/><U119/><E119/><V94/><F4/><W15/><G15/><AGARI ba="1,1" hai="5,10,15,24,25,45,50,53,56,57,58,91,93,98" machi="15" ten="40,5200,0" yaku="1,1,8,1,52,1,53,0" doraHai="41" doraHaiUra="70" who="0" fromWho="3" sc="221,65,76,0,96,0,597,-55" /><INIT seed="4,0,0,4,2,17" ten="286,76,96,542" oya="0" hai0="64,78,61,79,32,54,92,19,80,65,15,100,86" hai1="71,70,55,91,104,129,77,63,95,52,103,131,43" hai2="110,7,58,74,57,49,116,53,46,3,133,122,67" hai3="30,41,102,108,12,10,76,124,48,128,94,98,26"/><T87/><D32/><U27/><E77/><V114/><F74/><W33/><G108/><T18/><D100/><U6/><E43/><V127/><F3/><W35/><G124/><T37/><D37/><U59/><E6/><V73/><F73/><W113/><G128/><N who="1" m="49226" /><E104/><V75/><F75/><W118/><G118/><T83/><D92/><U115/><E115/><V0/><F0/><W88/><G113/><T132/><D132/><U68/><E103/><V29/><F7/><W16/><G76/><T99/><D99/><U38/><E38/><V22/><F110/><W31/><G41/><T106/><D106/><U117/><E117/><V107/><F107/><W50/><REACH who="3" step="1"/><G102/><REACH who="3" ten="286,76,96,532" step="2"/><T81/><D81/><U36/><E36/><V123/><F114/><W105/><G105/><T62/><REACH who="0" step="1"/><D54/><REACH who="0" ten="276,76,96,532" step="2"/><U56/><E27/><AGARI ba="0,2" hai="10,12,16,26,27,30,31,33,35,48,50,88,94,98" machi="27" ten="40,8000,1" yaku="1,1,9,1,54,2,53,0" doraHai="17" doraHaiUra="82" who="3" fromWho="1" sc="276,0,76,-80,96,0,532,100" owari="276,8,-4,-50,96,-30,632,72" /></mjloggm>