<mjloggm ver="2.3"><GO type="9" lobby="1799"/><UN n0="%E7%95%99%E8%90%8C" n1="%72%5F%68%69%72%6F%73%65" n2="%6B%2E%66%2E" n3="%79%75%7A%68%65" dan="12,0,0,0" rate="1622.53,1500.00,1500.00,1500.00" sx="M,M,M,M"/><TAIKYOKU oya="0"/><INIT seed="0,0,0,4,1,130" ten="250,250,250,250" oya="0" hai0="91,26,59,5,95,18,69,78,110,84,9,86,118" hai1="33,121,124,8,129,41,49,113,27,115,89,96,4" hai2="34,120,103,64,65,37,36,23,94,35,92,75,74" hai3="135,83,0,104,7,72,10,88,81,29,57,97,58"/><T39/><D118/><U76/><E124/><V43/><F120/><W38/><G135/><T128/><D39/><U61/><E121/><V46/><F23/><W48/><G38/><T66/><D69/><U98/><E129/><V90/><F103/><W119/><G119/><T80/><D128/><U85/><E76/><V44/><F90/><W28/><G72/><T45/><D110/><U47/><E61/><V82/><F82/><W25/><G104/><T107/><D107/><U19/><E33/><V63/><F63/><W2/><G48/><T51/><D45/><U14/><E85/><V6/><REACH who="2" step="1"/><F6/><REACH who="2" ten="250,250,240,250" step="2"/><W50/><G50/><T40/><D5/><U109/><E27/><V16/><F16/><W125/><G125/><T122/><D51/><U24/><E109/><V71/><F71/><W1/><G25/><T105/><D26/><U21/><REACH who="1" step="1"/><E89/><REACH who="1" ten="250,240,240,250" step="2"/><V62/><F62/><W30/><G88/><T87/><D91/><U67/><E67/><V102/><F102/><W106/><G106/><T54/><D105/><U132/><E132/><V20/><F20/><W133/><G133/><T123/><D122/><U11/><E11/><V134/><F134/><W56/><REACH who="3" step="1"/><G97/><AGARI ba="0,2" hai="4,8,14,19,21,24,41,47,49,96,97,98,113,115" machi="97" ten="40,1300,0" yaku="1,1,53,0" doraHai="130" doraHaiUra="60" who="1" fromWho="3" sc="250,0,240,33,240,0,250,-13" /><INIT seed="1,0,0,0,5,9" ten="250,273,240,237" oya="1" hai0="26,73,83,30,20,24,48,102,51,122,43,29,16" hai1="98,91,1,61,89,15,99,124,23,3,47,80,95" hai2="118,37,59,75,86,69,8,40,119,7,131,46,111" hai3="84,13,5,34,81,116,93,101,27,112,126,25,54"/><U108/><E124/><V53/><F75/><W36/><G126/><T97/><D122/><U82/><E108/><V113/><F111/><W76/><G112/><T14/><D73/><U41/><E61/><V130/><F86/><W62/><G116/><T132/><D132/><U57/><E57/><V125/><F7/><W115/><G115/><T114/><D114/><U74/><E23/><V58/><F125/><W103/><G36/><T134/><D134/><U12/><E41/><V66/><F113/><W67/><G34/><T106/><D83/><U78/><E47/><V121/><F8/><W135/><G135/><T56/><D43/><U117/><E117/><N who="2" m="44555" /><F121/><W39/><G39/><T10/><REACH who="0" step="1"/><D56/><REACH who="0" ten="240,273,240,237" step="2"/><U55/><E55/><V88/><F59/><N who="3" m="37343" /><G54/><T110/><D110/><U4/><E15/><V65/><F58/><W107/><G107/><T28/><D28/><U17/><E1/><V104/><F104/><W72/><G72/><T70/><D70/><U32/><E32/><AGARI ba="0,1" hai="10,14,16,20,24,26,29,30,32,48,51,97,102,106" machi="32" ten="30,7700,0" yaku="1,1,7,1,52,1,54,1,53,0" doraHai="9" doraHaiUra="42" who="0" fromWho="1" sc="240,87,273,-77,240,0,237,0" /><INIT seed="2,0,0,0,5,19" ten="327,196,240,237" oya="2" hai0="44,85,117,133,49,31,99,95,81,120,91,28,128" hai1="126,64,62,97,56,33,105,90,83,127,114,89,41" hai2="100,54,124,12,18,77,24,21,78,94,104,67,110" hai3="17,109,93,23,7,71,8,46,73,70,134,36,112"/><V130/><F104/><W43/><G134/><T10/><D133/><U72/><E33/><V11/><F67/><W15/><G109/><T92/><D120/><U101/><E114/><V106/><F106/><W118/><G112/><T50/><D117/><U132/><E132/><V6/><F110/><W47/><G118/><T0/><D128/><U86/><E41/><V57/><F130/><W22/><G93/><N who="0" m="35915" /><D0/><U5/><E5/><V26/><F124/><N who="1" m="47657" /><E72/><V102/><F102/><W88/><G73/><T107/><D107/><U131/><E89/><V9/><F26/><W108/><G108/><T135/><D135/><U111/><E131/><V25/><F25/><W121/><G121/><T14/><D99/><U123/><E111/><V129/><F129/><W42/><G88/><T51/><D51/><U13/><E123/><V60/><F11/><W59/><G59/><T82/><D82/><U66/><E13/><V96/><AGARI ba="0,0" hai="6,9,12,18,21,24,54,57,60,77,78,94,96,100" machi="96" ten="30,6000,0" yaku="0,1,8,1,52,1" doraHai="19" who="2" fromWho="2" sc="327,-20,196,-20,240,60,237,-20" /><INIT seed="2,1,0,0,5,10" ten="307,176,300,217" oya="2" hai0="55,131,93,52,95,34,70,121,36,126,78,23,123" hai1="30,2,134,111,73,22,6,122,130,28,120,133,18" hai2="24,107,11,13,118,94,58,112,21,4,72,39,49" hai3="117,61,12,119,109,92,91,103,37,53,9,135,31"/><V77/><F118/><N who="3" m="45067" /><G109/><T80/><D70/><U85/><E73/><V47/><F39/><W33/><G135/><N who="1" m="51722" /><E85/><V66/><F112/><W60/><G37/><T98/><D36/><U15/><E111/><V108/><F107/><W26/><G53/><T56/><D34/><U7/><E130/><V74/><F108/><W128/><G128/><T8/><D131/><U75/><E75/><V25/><F77/><W127/><G127/><T113/><D126/><U42/><E42/><V102/><F25/><W100/><G9/><T82/><D113/><U88/><E88/><V124/><F124/><W79/><G12/><T27/><D8/><U45/><E30/><V63/><F49/><W32/><G79/><T50/><D55/><U81/><E45/><V57/><F47/><W71/><G71/><T84/><D82/><U96/><E81/><V106/><F106/><W116/><G116/><T99/><D121/><N who="1" m="46699" /><E96/><N who="0" m="36905" /><D123/><U16/><E28/><AGARI ba="1,0" hai="23,27,28,50,52,56,78,80,84,93,95" m="36905" machi="28" ten="30,2000,0" yaku="8,1,54,1" doraHai="10" who="0" fromWho="1" sc="307,23,176,-23,300,0,217,0" /><INIT seed="3,0,0,2,0,74" ten="330,153,300,217" oya="3" hai0="16,30,122,8,25,63,120,114,20,129,131,113,4" hai1="116,37,31,53,3,14,56,1,94,69,108,112,48" hai2="17,127,99,66,67,19,58,80,86,44,124,92,130" hai3="96,42,109,121,18,95,49,72,55,104,81,57,68"/><W51/><G109/><T21/><D63/><U0/><E108/><V103/><F130/><N who="0" m="49674" /><D4/><U64/><E94/><V2/><F2/><N who="1" m="513" /><U24/><DORA hai="93" /><E116/><V13/><F44/><W100/><G121/><N who="0" m="46699" /><D8/><U23/><E112/><V106/><F58/><W35/><G35/><T9/><D9/><U43/><E14/><AGARI ba="0,0" hai="14,16,20,21,25,30,113,114" m="46699,49674" machi="14" ten="30,7700,0" yaku="19,1,34,2,54,1" doraHai="74,93" who="0" fromWho="1" sc="330,77,153,-77,300,0,217,0" /><INIT seed="4,0,0,3,5,71" ten="407,76,300,217" oya="0" hai0="122,4,79,53,46,17,72,13,80,47,115,101,86" hai1="76,93,43,40,45,109,8,67,11,94,3,69,55" hai2="52,0,22,105,108,18,57,1,134,82,97,130,131" hai3="84,90,78,127,102,35,135,15,7,42,111,49,126"/><T75/><D122/><U88/><E109/><V112/><F108/><W81/><G111/><T129/><D115/><U48/><E76/><V10/><F112/><W74/><G135/><T123/><D123/><U121/><E121/><V117/><F117/><W103/><G35/><T51/><D129/><U68/><E3/><V110/><F110/><W70/><G70/><T133/><D133/><U89/><E8/><V2/><F82/><W44/><G74/><T6/><D101/><N who="3" m="38409" /><G90/><T64/><D64/><U59/><E11/><AGARI ba="0,0" hai="7,11,15,42,44,49,78,81,84,126,127" m="38409" machi="11" ten="30,1000,0" yaku="25,1" doraHai="71" who="3" fromWho="1" sc="407,0,76,-10,300,0,217,10" /><INIT seed="5,0,0,5,3,4" ten="407,66,300,227" oya="1" hai0="9,27,122,65,58,95,61,69,70,94,86,115,33" hai1="20,111,110,74,19,51,3,71,103,16,0,102,54" hai2="101,5,7,18,116,53,6,117,83,127,113,89,29" hai3="91,17,56,13,52,120,57,1,126,59,75,45,72"/><U12/><E71/><V49/><F127/><W60/><G126/><T121/><D115/><U25/><E74/><V41/><F41/><W48/><G120/><N who="0" m="46187" /><D9/><N who="1" m="6159" /><E0/><V124/><F124/><W125/><G125/><T10/><D10/><U84/><E3/><V104/><F113/><W118/><G118/><T128/><D128/><U42/><E103/><V123/><F123/><W46/><G1/><T77/><D77/><U47/><E54/><V8/><F117/><W108/><G108/><T63/><D86/><U66/><E66/><V135/><F116/><W43/><G72/><T90/><D90/><U97/><E84/><V92/><F135/><W34/><G34/><T112/><D112/><U55/><E55/><V26/><F101/><W32/><G32/><T28/><D63/><U2/><E2/><V30/><F104/><W67/><G75/><T15/><D15/><U129/><E110/><V80/><F30/><W64/><G13/><T82/><D82/><U35/><E129/><V22/><F18/><W62/><G17/><T114/><D114/><U85/><E111/><V131/><F131/><W133/><G133/><T50/><D50/><U79/><E85/><V36/><F36/><N who="3" m="21735" /><G91/><T119/><D119/><U130/><E35/><V81/><F5/><W24/><G24/><T14/><D14/><U31/><E130/><V21/><F6/><W44/><AGARI ba="0,0" hai="44,46,48,52,56,57,59,60,62,64,67" m="21735" machi="44" ten="30,12000,2" yaku="35,5,54,1" doraHai="4" who="3" fromWho="3" sc="407,-30,66,-60,300,-30,227,120" /><INIT seed="6,0,0,2,3,27" ten="377,6,270,347" oya="2" hai0="100,112,97,132,114,120,99,67,52,82,43,53,63" hai1="115,102,37,13,88,94,6,7,121,57,60,12,48" hai2="95,41,15,42,103,85,4,64,22,69,128,0,10" hai3="108,30,118,79,66,71,110,76,16,46,61,44,123"/><V105/><F105/><W74/><G123/><T75/><D120/><U26/><E121/><V127/><F127/><W73/><G118/><T98/><D43/><U49/><E26/><V93/><F103/><W8/><G8/><T101/><D75/><U28/><E115/><N who="0" m="44073" /><D132/><U86/><E37/><V20/><F128/><W130/><G130/><T38/><D38/><U78/><E28/><V70/><F64/><W11/><G11/><T34/><D34/><U111/><E111/><V45/><F0/><W3/><G3/><T5/><D5/><U92/><E78/><V33/><F33/><W80/><G30/><T109/><D109/><N who="3" m="42089" /><G16/><T91/><D91/><U59/><E102/><N who="0" m="39529" /><D82/><U72/><E94/><V113/><F113/><W54/><G54/><T36/><D36/><U126/><E72/><V39/><F39/><W119/><G119/><T1/><D1/><U84/><E126/><V68/><F85/><W129/><G129/><T40/><D40/><U55/><E48/><V17/><F45/><W107/><G107/><T2/><D2/><U32/><E84/><V47/><F47/><W24/><G24/><T19/><D19/><U9/><E32/><V125/><F125/><W21/><G21/><T65/><D65/><U23/><E6/><V89/><F95/><W25/><G25/><T50/><D50/><U124/><E124/><V18/><F18/><W117/><G117/><T83/><D83/><U29/><E13/><V135/><F135/><W131/><G131/><T62/><D62/><U56/><E60/><V51/><F17/><W90/><G90/><T35/><D35/><RYUUKYOKU ba="0,0" sc="377,10,6,10,270,-30,347,10" hai0="52,53,63,67,97,98,99" hai1="7,9,12,23,29,49,55,56,57,59,86,88,92" hai3="44,46,61,66,71,73,74,76,79,80" /><INIT seed="7,1,0,1,4,31" ten="387,16,240,357" oya="3" hai0="97,118,9,115,70,133,25,128,51,4,78,35,0" hai1="104,18,28,53,119,56,50,26,19,7,32,45,58" hai2="40,43,16,64,17,2,129,123,68,14,11,121,103" hai3="131,92,109,77,30,90,63,71,36,122,41,79,100"/><W82/><G131/><T85/><D70/><U37/><E104/><V66/><F2/><W80/><G109/><T23/><D118/><U110/><E110/><V98/><F129/><W15/><G122/><T42/><D128/><U34/><E119/><V120/><F66/><W47/><G71/><T55/><D133/><U81/><E81/><V135/><F135/><W134/><G134/><T72/><D115/><U105/><E105/><V84/><F84/><W65/><G15/><T8/><D35/><U113/><E37/><V86/><F86/><W61/><G100/><T102/><D72/><U108/><E113/><V67/><F67/><W54/><G30/><T117/><D117/><U94/><E108/><V27/><F27/><W12/><G12/><T112/><D112/><U39/><E94/><V73/><F73/><W6/><G6/><T116/><D116/><U57/><E39/><V44/><F44/><W49/><G65/><T22/><D0/><U114/><E114/><V83/><F83/><W10/><G10/><N who="0" m="4203" /><D4/><U52/><E7/><V126/><F126/><W33/><G33/><N who="1" m="12906" /><E18/><V99/><F99/><N who="3" m="57751" /><G36/><T62/><D42/><U89/><E89/><V95/><F17/><W101/><G101/><T87/><D78/><N who="3" m="29705" /><G41/><T3/><D3/><U88/><E88/><V124/><F124/><W24/><G24/><T5/><D5/><U93/><E93/><V91/><F91/><W107/><G107/><T130/><D130/><U29/><E53/><V106/><REACH who="2" step="1"/><F106/><REACH who="2" ten="387,16,230,357" step="2"/><W20/><G20/><T13/><D23/><N who="1" m="13695" /><E28/><V46/><F46/><W76/><N who="3" m="29713" /><W48/><DORA hai="1" /><G48/><RYUUKYOKU ba="1,1" sc="387,-30,16,10,230,10,357,10" hai1="29,45,50,52,56,57,58" hai2="11,14,16,40,43,64,68,95,98,103,120,121,123" hai3="47,49,54,61,63,80,82" owari="357,16,26,-47,240,-16,377,47" /></mjloggm>