<mjloggm ver="2.3"><GO type="137" lobby="0"/><UN n0="%E7%95%99%E8%90%8C" n1="%E3%83%97%E3%83%AD%E3%82%B0%E3%83%AC" n2="%E5%8A%9F%E5%A4%AB" n3="%E3%81%82%E3%81%AF%E3%81%AF%E3%81%AF%E7%AC%91" dan="12,13,10,12" rate="1601.23,1701.26,1487.34,1856.76" sx="M,F,F,M"/><TAIKYOKU oya="0"/><INIT seed="0,0,0,5,4,118" ten="250,250,250,250" oya="0" hai0="101,17,6,77,28,51,25,14,9,70,31,39,37" hai1="87,116,13,100,23,74,93,24,55,11,80,95,42" hai2="50,62,96,90,4,60,82,10,133,98,103,12,72" hai3="132,45,33,69,85,127,67,134,121,58,32,3,120"/><T97/><D70/><U68/><E68/><V113/><F113/><W122/><G3/><T131/><D77/><U29/><E116/><V48/><F133/><N who="3" m="51307" /><G69/><T8/><D131/><U99/><E74/><V102/><F72/><W108/><G108/><T86/><D51/><N who="2" m="19498" /><F82/><W21/><G45/><T22/><D37/><U43/><E93/><N who="2" m="56375" /><F103/><W57/><G127/><T73/><D73/><U125/><E55/><V35/><F35/><N who="3" m="13387" /><G67/><T104/><D39/><U63/><E63/><V119/><F119/><W114/><G114/><T111/><D111/><U91/><REACH who="1" step="1"/><E125/><REACH who="1" ten="250,240,250,250" step="2"/><V49/><N who="2" m="19506" /><V40/><DORA hai="53" /><F40/><W0/><G0/><T84/><REACH who="0" step="1"/><D31/><REACH who="0" ten="240,240,250,250" step="2"/><U61/><E61/><V124/><F124/><W65/><G65/><T117/><D117/><U83/><E83/><V26/><F26/><W41/><G41/><T18/><D18/><AGARI ba="0,2" hai="11,13,18,23,24,29,42,43,80,87,91,95,99,100" machi="18" ten="30,3900,0" yaku="1,1,7,1,8,1,53,0" doraHai="118,53" doraHaiUra="135,34" who="1" fromWho="0" sc="240,-39,240,59,250,0,250,0" /><INIT seed="1,0,0,0,5,44" ten="201,299,250,250" oya="1" hai0="111,87,129,6,78,37,25,66,84,101,26,48,53" hai1="122,79,9,102,130,72,71,45,63,15,125,39,4" hai2="77,52,2,93,81,27,59,86,65,99,127,61,128" hai3="91,67,131,0,88,40,109,97,124,29,3,73,114"/><U46/><E122/><V75/><F2/><W16/><G73/><T119/><D37/><U118/><E118/><V18/><F75/><W14/><G114/><T24/><D119/><U100/><E130/><V121/><F121/><W85/><G29/><T60/><D129/><U51/><E125/><V28/><F128/><W74/><G74/><T116/><D116/><U31/><E31/><V80/><F127/><W83/><G131/><T123/><D6/><U1/><E71/><V54/><F81/><W17/><G17/><T105/><D123/><U104/><E104/><V36/><F36/><W89/><G67/><T35/><D111/><U69/><E69/><V103/><REACH who="2" step="1"/><F18/><REACH who="2" ten="201,299,240,250" step="2"/><W47/><G124/><T56/><D78/><U5/><E1/><V43/><F43/><W20/><G109/><T133/><D133/><U117/><E117/><V22/><AGARI ba="0,1" hai="22,27,28,52,54,59,61,65,77,80,86,93,99,103" machi="22" ten="20,16000,3" yaku="1,1,0,1,7,1,25,2,8,1,54,1,53,1" doraHai="44" doraHaiUra="55" who="2" fromWho="2" sc="201,-40,299,-80,240,170,250,-40" /><INIT seed="2,0,0,0,0,14" ten="161,219,410,210" oya="2" hai0="10,90,124,78,28,114,4,89,22,64,107,106,100" hai1="97,83,95,1,65,52,32,13,112,80,86,43,25" hai2="93,26,92,71,53,110,36,31,126,111,123,41,96" hai3="101,113,27,8,76,120,38,67,42,105,35,57,60"/><V87/><F71/><W63/><G120/><T45/><D114/><U131/><E112/><V0/><F123/><W82/><G113/><T48/><D64/><U6/><E131/><V11/><F53/><W54/><G8/><T29/><D124/><U84/><E65/><V68/><F68/><W59/><G42/><T72/><D107/><U132/><E132/><V127/><F36/><W9/><G9/><T74/><D74/><U19/><E43/><V98/><F41/><W37/><G101/><T91/><D106/><U7/><E1/><V3/><F87/><N who="1" m="33321" /><E32/><V30/><REACH who="2" step="1"/><F11/><REACH who="2" ten="161,219,400,210" step="2"/><W12/><G38/><T24/><D45/><U49/><E25/><AGARI ba="0,1" hai="0,3,25,26,30,31,92,93,96,98,110,111,126,127" machi="25" ten="25,9600,0" yaku="1,1,2,1,22,2,53,0" doraHai="14" doraHaiUra="15" who="2" fromWho="1" sc="161,0,219,-96,400,106,210,0" /><INIT seed="2,1,0,5,3,101" ten="161,123,506,210" oya="2" hai0="85,119,52,31,34,86,57,94,95,133,61,27,79" hai1="115,118,39,66,127,56,54,7,87,46,14,77,121" hai2="96,12,11,129,125,23,116,20,74,60,90,43,25" hai3="63,32,26,73,70,58,89,114,109,131,123,117,126"/><V62/><F116/><W36/><G58/><T102/><D133/><U110/><E121/><V84/><F74/><W108/><G63/><N who="2" m="24105" /><F125/><W68/><G68/><T40/><D119/><U107/><E118/><V50/><F129/><W29/><G26/><T59/><D40/><U75/><E127/><V49/><F96/><W98/><G29/><T2/><D2/><U135/><E115/><V48/><F43/><W16/><G16/><T103/><D59/><U76/><E135/><V5/><F25/><W21/><G21/><N who="2" m="8265" /><F90/><W72/><G89/><T51/><D61/><N who="1" m="38183" /><E75/><V53/><F84/><W100/><G73/><T42/><D42/><U81/><E39/><V47/><AGARI ba="1,0" hai="5,11,12,47,48,49,50,53" m="8265,24105" machi="47" ten="30,1500,0" yaku="8,1" doraHai="101" who="2" fromWho="2" sc="161,-6,123,-6,506,18,210,-6" /><INIT seed="2,2,0,3,5,96" ten="155,117,524,204" oya="2" hai0="131,14,83,69,0,37,27,85,125,33,88,133,113" hai1="55,132,100,42,130,116,77,53,104,134,61,119,97" hai2="39,112,74,54,44,89,103,48,121,11,9,127,114" hai3="78,80,20,62,93,91,87,65,22,135,10,94,123"/><V64/><F74/><W66/><G123/><T30/><D0/><U23/><E130/><V111/><F121/><W17/><G135/><N who="1" m="51754" /><E77/><V46/><F39/><W5/><G17/><T35/><D133/><U19/><E42/><V71/><F127/><W3/><G66/><T115/><D125/><U82/><E82/><V75/><F75/><W38/><G38/><T45/><D131/><U68/><E68/><V72/><F72/><W1/><G1/><T67/><D35/><U99/><E61/><V70/><F89/><W2/><G2/><T41/><REACH who="0" step="1"/><D14/><REACH who="0" ten="145,117,524,204" step="2"/><N who="1" m="9719" /><E99/><V8/><F111/><W118/><G118/><AGARI ba="2,1" hai="53,55,97,100,104,116,118,119" m="9719,51754" machi="118" ten="30,2000,0" yaku="20,1,52,1" doraHai="96" who="1" fromWho="3" sc="145,0,117,36,524,0,204,-26" /><INIT seed="3,0,0,5,5,90" ten="145,153,524,178" oya="3" hai0="84,50,127,123,52,24,119,76,10,91,67,113,111" hai1="71,105,4,120,9,74,124,55,14,18,19,89,131" hai2="31,110,47,132,20,40,60,68,94,126,77,64,122" hai3="32,65,5,93,125,98,73,69,56,88,121,92,6"/><W70/><G73/><T61/><D123/><U82/><E120/><V97/><F122/><W114/><G121/><T63/><D119/><U27/><E105/><V103/><F110/><W33/><G125/><T75/><D127/><U39/><E71/><V21/><F126/><W13/><G56/><T8/><D111/><U116/><E124/><V29/><F132/><W54/><G54/><T109/><D109/><U12/><E116/><V85/><F77/><W2/><G13/><T112/><D75/><U49/><E39/><V130/><F130/><W133/><G133/><T107/><D107/><U36/><E131/><V115/><F115/><N who="0" m="44106" /><D76/><U15/><E36/><V3/><F3/><W96/><G114/><T25/><D67/><U43/><E43/><V108/><F108/><W99/><G99/><T95/><D25/><U41/><E41/><V72/><F72/><W101/><G70/><T62/><D24/><U59/><E74/><V11/><F11/><W17/><G17/><N who="1" m="6154" /><E27/><V117/><F117/><W79/><G79/><T38/><D38/><U66/><E66/><V134/><F134/><W102/><G102/><T100/><D100/><U57/><E57/><AGARI ba="0,0" hai="8,10,50,52,57,61,62,63,84,91,95" m="44106" machi="57" ten="30,3900,0" yaku="11,1,52,1,54,1" doraHai="90" who="0" fromWho="1" sc="145,39,153,-39,524,0,178,0" /><INIT seed="4,0,0,1,5,47" ten="184,114,524,178" oya="0" hai0="43,11,62,56,125,16,41,98,61,25,78,118,1" hai1="10,87,97,9,60,39,27,101,109,113,128,81,88" hai2="5,89,50,31,94,21,126,82,93,92,34,66,123" hai3="15,14,70,54,30,12,0,48,7,130,86,90,120"/><T112/><D118/><U134/><E39/><V132/><F123/><W19/><G130/><T103/><D125/><U18/><E109/><V80/><F34/><W100/><G70/><T32/><D78/><U58/><E128/><V64/><F126/><W73/><G73/><T46/><D112/><U117/><E117/><V28/><F132/><W44/><G120/><T74/><D74/><U135/><E113/><V71/><F5/><W17/><G30/><N who="2" m="11305" /><F71/><W67/><G67/><N who="2" m="25641" /><F21/><W79/><G79/><T51/><D32/><U8/><E27/><V13/><F13/><W77/><G77/><T55/><D1/><U69/><E69/><V29/><N who="2" m="11313" /><V65/><N who="2" m="25649" /><DORA hai="68" /><V75/><DORA hai="124" /><F75/><W108/><G108/><T53/><D62/><U96/><E18/><V37/><F37/><W23/><G0/><T45/><D45/><U105/><REACH who="1" step="1"/><E97/><REACH who="1" ten="184,104,524,178" step="2"/><V122/><F122/><W26/><G7/><T95/><REACH who="0" step="1"/><D25/><REACH who="0" ten="174,104,524,178" step="2"/><U33/><E33/><V84/><F84/><W6/><G6/><T131/><D131/><U49/><E49/><V102/><F50/><W110/><G110/><T42/><D42/><U35/><E35/><V121/><F121/><W36/><G36/><T127/><D127/><U57/><E57/><V38/><F38/><W40/><G40/><T2/><D2/><U72/><E72/><V24/><F24/><W85/><G26/><T106/><D106/><U4/><E4/><V114/><F114/><W76/><G48/><T99/><D99/><U91/><E91/><V115/><F115/><W133/><G90/><T22/><D22/><U129/><E129/><RYUUKYOKU ba="0,2" sc="174,15,104,15,524,-15,178,-15" hai0="11,16,41,43,46,51,53,55,56,61,95,98,103" hai1="8,9,10,58,60,81,87,88,96,101,105,134,135" /><INIT seed="4,1,2,2,3,127" ten="189,119,509,163" oya="0" hai0="71,13,21,110,47,105,124,34,66,68,45,90,78" hai1="70,107,5,10,18,111,120,29,52,85,24,46,62" hai2="17,94,89,80,11,42,108,100,35,133,39,36,87" hai3="115,135,51,123,53,76,69,126,98,61,79,57,134"/><T15/><D105/><U82/><E111/><V19/><F35/><W63/><G115/><T14/><D34/><U23/><E120/><V31/><F108/><W97/><G126/><T125/><D110/><U44/><E107/><V56/><F133/><N who="3" m="50699" /><G123/><T25/><D125/><U99/><E70/><V131/><F131/><W116/><G116/><T48/><D124/><U92/><E29/><V55/><F31/><W65/><G51/><T81/><D71/><U104/><E104/><V54/><F42/><W96/><AGARI ba="1,2" hai="53,57,61,63,65,69,76,79,96,97,98" m="50699" machi="96" ten="30,1100,0" yaku="20,1" doraHai="127" who="3" fromWho="3" sc="189,-6,119,-4,509,-4,163,34" /><INIT seed="5,0,0,2,3,18" ten="183,115,505,197" oya="1" hai0="60,105,61,58,116,67,102,36,59,31,110,44,82" hai1="45,112,118,124,20,4,0,92,126,22,85,96,35" hai2="5,49,30,38,71,2,101,95,47,133,14,66,89" hai3="94,127,62,9,6,122,63,21,65,91,115,15,40"/><U117/><E35/><V43/><F38/><W34/><G34/><T121/><D116/><U104/><E104/><V130/><F2/><W134/><G122/><T76/><D110/><U135/><E112/><V114/><F114/><W27/><G115/><T46/><D121/><U37/><E135/><V78/><F133/><W109/><G109/><T103/><D31/><U8/><E85/><V52/><F130/><W39/><G127/><N who="1" m="48682" /><E37/><V10/><F78/><W24/><G24/><T88/><D36/><U3/><E45/><N who="0" m="17513" /><D105/><U48/><E48/><V131/><F131/><W69/><G40/><T119/><D119/><N who="1" m="45579" /><E3/><V93/><F30/><W7/><G62/><N who="0" m="24171" /><D67/><U73/><E73/><V70/><F101/><AGARI ba="0,0" hai="0,4,8,20,22,92,96,101" m="45579,48682" machi="101" ten="30,5800,0" yaku="18,1,52,2" doraHai="18" who="1" fromWho="2" sc="183,0,115,58,505,-58,197,0" /><INIT seed="5,1,0,0,5,86" ten="183,173,447,197" oya="1" hai0="56,68,5,20,22,12,50,49,11,79,30,59,19" hai1="34,40,64,97,95,128,17,52,122,126,133,58,108" hai2="7,125,77,87,72,18,55,62,116,109,14,69,8" hai3="90,16,53,134,99,26,10,82,73,71,42,80,33"/><U70/><E122/><V25/><F72/><W107/><G134/><T105/><D105/><U65/><E34/><V75/><F69/><W89/><G71/><T74/><D68/><U131/><E133/><V98/><F75/><W3/><G42/><T106/><D106/><U91/><E70/><V35/><F35/><W129/><G3/><T113/><D113/><U37/><E108/><V104/><F116/><W45/><G73/><T36/><D36/><U27/><E126/><V110/><F125/><W85/><G129/><N who="1" m="49738" /><E37/><V32/><F32/><W102/><G33/><T81/><D30/><U101/><E101/><V127/><F127/><W103/><G103/><T66/><D22/><N who="1" m="13775" /><E40/><V119/><F119/><W118/><G118/><T21/><D21/><U115/><E115/><V120/><F120/><W41/><G41/><T28/><D28/><U54/><E54/><V88/><F104/><W135/><G135/><T114/><D114/><U124/><E124/><V60/><F98/><W38/><G38/><T76/><D76/><U57/><E57/><V130/><F77/><W39/><G39/><T111/><D111/><N who="2" m="42506" /><F130/><W44/><G53/><T92/><D59/><U93/><E93/><N who="2" m="54431" /><F55/><W31/><G107/><T13/><D92/><U112/><E112/><V1/><F25/><W123/><G123/><T78/><D78/><U9/><E9/><V43/><F43/><W63/><G45/><T24/><D24/><U117/><E117/><V61/><F1/><W132/><G44/><T67/><D67/><U15/><E15/><V84/><F84/><W4/><G132/><T94/><D94/><RYUUKYOKU ba="1,0" sc="183,10,173,10,447,10,197,-30" hai0="5,11,12,13,19,20,49,50,56,66,74,79,81" hai1="52,58,64,65,91,95,97" hai2="7,8,14,18,60,61,62" /><INIT seed="5,2,0,1,2,59" ten="193,183,457,167" oya="1" hai0="54,122,26,29,119,127,68,34,57,17,126,110,95" hai1="94,16,87,27,109,121,14,15,60,96,83,20,23" hai2="43,32,78,73,79,39,4,93,98,101,76,64,130" hai3="67,25,105,133,62,103,104,45,131,1,31,108,115"/><U42/><E121/><V128/><F32/><W38/><G108/><T50/><D119/><U72/><E109/><V47/><F64/><W116/><G116/><T80/><D110/><U21/><E72/><V88/><F4/><W118/><G118/><T19/><D68/><U125/><E125/><N who="0" m="47625" /><D122/><U44/><E42/><V51/><F39/><W11/><G131/><N who="2" m="50217" /><F73/><W55/><G55/><T66/><D66/><U91/><E44/><V120/><F120/><W3/><G133/><T12/><D80/><U69/><E69/><V6/><F6/><N who="3" m="1487" /><G103/><AGARI ba="2,0" hai="43,47,51,76,78,79,88,93,98,101,103" m="50217" machi="103" ten="30,2000,0" yaku="19,1,54,1" doraHai="59" who="2" fromWho="3" sc="193,0,183,0,457,26,167,-26" /><INIT seed="6,0,0,5,2,40" ten="193,183,483,141" oya="2" hai0="122,96,30,87,38,124,54,123,89,63,7,60,66" hai1="61,10,45,129,77,15,69,105,11,80,57,98,110" hai2="12,46,86,25,33,50,34,6,130,9,118,14,44" hai3="119,67,120,111,21,48,125,126,108,23,17,135,102"/><V49/><F118/><W97/><G120/><T93/><D123/><U24/><E110/><V1/><F130/><W90/><G119/><T104/><D122/><U0/><E129/><V74/><F74/><W131/><G131/><T134/><D38/><U35/><E69/><V88/><F1/><W94/><G67/><T36/><D36/><U133/><E133/><V79/><F79/><W106/><G135/><T47/><D134/><U8/><E0/><V16/><F34/><W91/><G23/><T117/><D124/><N who="3" m="47721" /><G21/><T31/><D117/><U5/><E35/><V101/><F33/><W128/><G128/><T116/><D116/><U2/><E2/><V112/><F112/><W28/><G28/><T84/><D7/><U82/><E24/><V20/><F101/><W113/><G17/><T76/><D104/><U92/><E105/><V132/><F132/><W127/><N who="3" m="47729" /><W115/><DORA hai="71" /><G48/><N who="2" m="18537" /><F25/><W4/><G4/><T55/><D47/><U99/><E45/><V121/><F121/><W65/><G65/><T26/><D76/><U53/><E99/><V43/><F43/><W22/><G22/><N who="0" m="15703" /><D31/><U58/><E58/><V39/><F39/><W19/><G19/><T32/><D32/><U64/><E64/><V109/><F109/><N who="3" m="42059" /><G106/><T52/><D66/><U42/><E42/><V56/><F56/><W70/><G70/><T27/><D27/><U75/><E82/><AGARI ba="0,0" hai="6,9,12,14,16,20,44,46,82,86,88" m="18537" machi="82" ten="30,12000,1" yaku="8,1,52,2,54,2" doraHai="40,71" who="2" fromWho="1" sc="193,0,183,-120,483,120,141,0" /><INIT seed="6,1,0,5,1,58" ten="193,63,603,141" oya="2" hai0="87,105,80,135,90,35,42,28,117,57,85,33,112" hai1="6,124,108,40,48,101,99,89,114,41,8,12,23" hai2="3,126,123,72,92,24,50,73,133,71,83,115,70" hai3="54,60,49,74,113,84,97,132,32,131,44,21,91"/><V86/><F3/><W127/><G32/><T39/><D105/><U47/><E108/><V1/><F1/><W15/><G74/><T46/><D112/><U10/><E124/><V107/><F123/><W65/><G127/><T55/><D117/><U63/><E114/><V81/><F126/><W104/><G132/><T27/><D135/><U69/><E69/><V4/><F115/><W53/><G131/><T119/><D119/><U30/><E40/><V56/><F133/><W22/><G54/><T76/><D35/><U43/><E43/><V7/><F107/><W19/><G97/><T98/><D98/><U14/><E89/><N who="2" m="53303" /><F71/><W20/><G104/><T78/><REACH who="0" step="1"/><D87/><REACH who="0" ten="183,63,603,141" step="2"/><U52/><E99/><V130/><F130/><W17/><G113/><T79/><D79/><U36/><E101/><V88/><F70/><W106/><G106/><T2/><D2/><U96/><E96/><V31/><F72/><W122/><G122/><T51/><AGARI ba="1,1" hai="27,28,33,39,42,46,51,55,57,76,78,80,85,90" machi="51" ten="20,2700,0" yaku="1,1,0,1,7,1,53,0" doraHai="58" doraHaiUra="102" who="0" fromWho="0" sc="183,40,63,-8,603,-14,141,-8" /><INIT seed="7,0,0,1,2,104" ten="223,55,589,133" oya="3" hai0="117,60,49,86,51,89,85,58,53,127,19,48,126" hai1="3,29,10,87,44,105,70,2,92,38,7,125,123" hai2="17,81,31,119,40,74,120,109,32,22,80,76,83" hai3="56,122,27,15,95,6,71,37,64,78,25,90,88"/><W118/><G118/><T63/><D117/><U33/><E123/><V59/><F119/><W0/><G37/><T79/><D79/><U107/><E125/><N who="0" m="47625" /><D19/><U52/><E92/><V68/><F68/><W23/><G71/><T102/><D102/><U124/><E124/><V121/><F109/><W75/><G0/><T103/><D103/><U96/><E87/><N who="0" m="33289" /><D89/><U61/><E2/><V21/><F40/><W132/><G122/><N who="2" m="47209" /><F59/><W133/><G6/><T16/><D16/><U110/><E110/><V131/><F32/><W5/><G5/><T14/><D14/><U30/><E30/><V41/><F41/><W69/><G69/><T4/><D4/><U13/><E13/><N who="2" m="9391" /><F131/><W67/><G15/><T129/><D129/><U26/><E96/><V45/><F45/><W112/><G56/><T24/><D24/><AGARI ba="0,0" hai="22,24,31,74,76,80,81,83" m="9391,47209" machi="24" ten="30,2000,0" yaku="13,1,52,1" doraHai="104" who="2" fromWho="0" sc="223,-20,55,0,589,20,133,0" owari="203,0,55,-44,609,71,133,-27" /></mjloggm>