<mjloggm ver="2.3"><GO type="137" lobby="0"/><UN n0="%4D%4D%4D%32%30%31%30%30" n1="%47%47%46" n2="%E7%95%99%E8%90%8C" n3="%63%6F%6D%69%63%61%6C%6C" dan="11,12,12,10" rate="1502.69,1717.33,1597.36,1744.16" sx="M,M,M,M"/><TAIKYOKU oya="0"/><INIT seed="0,0,0,1,3,27" ten="250,250,250,250" oya="0" hai0="121,92,69,84,83,110,101,108,13,58,119,1,37" hai1="70,57,123,43,109,74,23,78,67,131,40,94,135" hai2="72,95,112,68,38,133,97,30,99,66,28,96,114" hai3="45,25,51,111,32,122,81,90,20,48,134,124,130"/><T107/><D1/><U100/><E123/><V63/><F72/><W125/><G122/><T60/><D69/><U8/><E70/><V64/><F38/><W77/><G32/><T17/><D121/><U47/><E131/><V0/><F66/><W10/><G130/><T15/><D37/><U126/><E109/><N who="0" m="42089" /><D119/><U54/><E126/><V104/><F0/><W132/><G111/><T34/><D34/><U46/><E8/><V12/><F12/><W75/><G90/><N who="0" m="53319" /><D83/><U35/><E74/><V93/><F133/><N who="3" m="51307" /><G45/><T7/><D7/><U105/><E35/><V87/><F104/><W50/><G10/><T5/><D5/><U61/><E105/><V53/><F53/><W62/><G62/><T49/><D49/><N who="3" m="12545" /><W26/><DORA hai="113" /><G20/><T98/><D17/><U44/><E23/><V115/><REACH who="2" step="1"/><F87/><REACH who="2" ten="250,250,240,250" step="2"/><W59/><G59/><T79/><D79/><U22/><E46/><V52/><F52/><AGARI ba="0,1" hai="13,15,52,58,60,98,101,107" m="53319,42089" machi="52" ten="30,5800,0" yaku="14,1,10,1,54,1" doraHai="27,113" who="0" fromWho="2" sc="250,68,250,0,240,-58,250,0" /><INIT seed="0,1,0,4,5,22" ten="318,250,182,250" oya="0" hai0="92,16,35,65,5,75,6,0,133,69,114,82,14" hai1="132,64,12,20,41,105,45,107,79,81,68,8,131" hai2="11,38,1,123,53,77,24,96,42,76,48,85,4" hai3="127,115,51,29,122,21,74,61,121,93,71,102,25"/><T101/><D114/><U109/><E109/><V23/><F123/><W18/><G74/><T125/><D35/><U108/><E132/><V52/><F96/><W80/><G115/><T10/><D125/><U113/><E108/><V3/><F3/><W112/><G112/><T34/><D34/><U103/><E113/><V134/><F134/><W99/><G80/><T9/><D133/><U100/><E131/><V111/><F111/><W60/><G127/><T2/><D65/><U104/><E20/><V44/><F38/><W91/><G51/><T117/><D69/><U89/><E64/><V130/><F130/><W46/><G46/><T70/><D70/><U49/><E89/><V124/><F124/><W47/><G47/><T33/><D33/><U116/><E68/><V73/><F73/><W86/><G71/><T39/><D39/><U26/><E26/><V129/><F129/><W56/><G56/><T87/><D117/><U28/><E28/><V110/><F110/><W95/><REACH who="3" step="1"/><G29/><REACH who="3" ten="318,250,182,240" step="2"/><T135/><D135/><U15/><E116/><V32/><F32/><W66/><G66/><T13/><D75/><U58/><E58/><V84/><F77/><W106/><G106/><T126/><D126/><U19/><E12/><V30/><F76/><W62/><AGARI ba="1,1" hai="18,21,25,60,61,62,86,91,93,95,99,102,121,122" machi="62" ten="30,8000,1" yaku="1,1,0,1,52,1,53,2" doraHai="22" doraHaiUra="118" who="3" fromWho="3" sc="318,-41,250,-21,182,-21,240,93" /><INIT seed="1,0,0,4,5,135" ten="277,229,161,333" oya="1" hai0="111,50,16,119,42,74,83,46,29,116,6,100,59" hai1="55,3,10,103,133,37,21,52,80,82,57,20,51" hai2="113,130,128,45,60,67,105,104,1,115,0,99,96" hai3="108,44,11,36,71,91,77,48,27,38,97,53,34"/><U32/><E32/><V28/><F28/><W124/><G71/><T126/><D111/><U106/><E37/><V75/><F45/><W5/><G77/><T89/><D100/><U125/><E133/><V43/><F43/><W129/><G108/><T8/><D126/><U4/><E125/><V78/><F78/><W120/><G124/><T114/><D114/><N who="2" m="43530" /><F67/><W98/><G120/><T63/><D119/><U18/><E106/><N who="2" m="41067" /><F60/><W65/><G65/><T25/><D116/><U31/><E103/><V90/><F75/><W84/><G34/><T24/><D74/><U39/><E55/><V117/><F117/><W40/><G27/><T47/><D47/><U94/><E94/><V41/><F41/><W93/><G38/><T30/><D89/><U87/><E39/><V81/><F81/><W72/><G72/><T35/><D35/><U127/><E127/><V131/><F90/><W123/><G123/><T95/><D95/><U73/><E73/><V2/><AGARI ba="0,0" hai="0,1,2,96,99,128,130,131" m="41067,43530" machi="2" ten="50,8000,1" yaku="28,2,19,1,11,1" doraHai="135" who="2" fromWho="2" sc="277,-20,229,-40,161,80,333,-20" /><INIT seed="2,0,0,0,1,111" ten="257,189,241,313" oya="2" hai0="23,53,104,51,91,17,82,49,66,117,74,125,32" hai1="60,43,7,63,15,55,92,5,61,8,101,130,123" hai2="21,1,122,99,94,100,56,59,105,22,75,85,84" hai3="114,65,88,57,128,30,102,95,108,52,70,132,33"/><V135/><F1/><W134/><G108/><T103/><D32/><U27/><E130/><V120/><F75/><W25/><G102/><T90/><D90/><U9/><E123/><V119/><F119/><W116/><G128/><T20/><D20/><U77/><E43/><V106/><F122/><W67/><G116/><T6/><D6/><U54/><E77/><V13/><F120/><W112/><G70/><T129/><D129/><U78/><E27/><V72/><F72/><W19/><G19/><T36/><D36/><U64/><E78/><V42/><F135/><N who="3" m="51755" /><G65/><T38/><D38/><U124/><E64/><V127/><F127/><W83/><G83/><T97/><D97/><U76/><E76/><V96/><F42/><W80/><G80/><T45/><D45/><U107/><E107/><V50/><F99/><N who="3" m="57831" /><G67/><T28/><D28/><U48/><E48/><AGARI ba="0,0" hai="25,30,33,48,52,57,112,114" m="57831,51755" machi="48" ten="30,8000,1" yaku="20,1,52,2,54,2" doraHai="111" who="3" fromWho="1" sc="257,0,189,-80,241,0,313,80" /><INIT seed="3,0,0,0,1,5" ten="257,109,241,393" oya="3" hai0="25,23,19,108,58,118,91,82,94,40,122,64,87" hai1="12,98,130,33,70,72,45,92,117,128,29,131,7" hai2="100,50,74,36,32,107,2,4,114,90,41,105,73" hai3="14,135,129,3,39,88,16,15,125,61,96,62,0"/><W102/><G39/><T127/><D127/><U104/><E70/><V119/><F119/><W121/><G125/><T49/><D49/><U97/><E72/><V132/><F132/><W80/><G135/><T124/><D124/><U66/><E33/><V17/><F114/><W35/><G35/><T44/><D44/><U34/><E29/><V84/><F32/><W56/><G121/><T42/><D42/><U113/><E34/><V28/><F28/><W20/><G129/><T86/><D86/><U43/><E117/><V116/><F116/><W18/><G61/><T76/><D76/><U79/><E113/><V46/><F50/><W22/><G88/><T109/><D109/><U53/><E79/><V115/><F115/><W99/><G80/><T48/><D48/><U67/><E104/><V68/><F17/><W123/><G123/><T57/><D57/><U77/><E77/><V89/><F68/><W11/><G11/><T69/><D69/><U63/><E53/><V52/><F52/><W10/><G10/><T21/><D21/><U101/><E63/><V8/><F84/><W85/><G85/><T30/><D30/><U13/><E97/><V110/><F90/><W65/><REACH who="3" step="1"/><G99/><REACH who="3" ten="257,109,241,383" step="2"/><T126/><D126/><U81/><E81/><V111/><F89/><W83/><G83/><T9/><D9/><N who="1" m="4159" /><E13/><V38/><F38/><AGARI ba="0,1" hai="38,43,45,66,67,92,98,101,128,130,131" m="4159" machi="38" ten="30,2000,0" yaku="19,1,52,1" doraHai="5" who="1" fromWho="2" sc="257,0,109,30,241,-20,383,0" /><INIT seed="4,0,0,1,3,132" ten="257,139,221,383" oya="0" hai0="50,64,41,62,126,4,44,89,40,103,71,37,35" hai1="99,68,5,55,59,115,69,128,2,87,130,102,125" hai2="129,34,13,95,61,67,15,88,81,114,107,12,93" hai3="111,112,16,127,36,33,92,122,73,57,97,47,10"/><T70/><D35/><U38/><E38/><V63/><F34/><W46/><G73/><T43/><D103/><U8/><E115/><V86/><F107/><W78/><G112/><T72/><D72/><U96/><E99/><V58/><F114/><W66/><G33/><T110/><D89/><U83/><E125/><V0/><F0/><W52/><G111/><T104/><D104/><U109/><E109/><V19/><F129/><W17/><G122/><T65/><D4/><U27/><E27/><V94/><REACH who="2" step="1"/><F63/><REACH who="2" ten="257,139,211,383" step="2"/><W134/><G127/><T22/><D126/><U74/><E130/><V54/><F54/><W135/><G52/><N who="0" m="29767" /><D110/><U98/><E128/><V100/><F100/><W131/><G135/><T11/><D11/><AGARI ba="0,1" hai="11,12,13,15,19,58,61,67,81,86,88,93,94,95" machi="11" ten="40,8000,1" yaku="1,1,8,1,54,1,53,1" doraHai="132" doraHaiUra="84" who="2" fromWho="0" sc="257,-80,139,0,211,90,383,0" /><INIT seed="5,0,0,2,2,49" ten="177,139,301,383" oya="1" hai0="90,66,10,7,12,85,17,116,46,50,131,65,18" hai1="25,35,43,105,6,75,135,56,23,120,36,47,14" hai2="37,93,69,86,8,31,16,102,34,11,110,88,0" hai3="98,112,115,114,124,133,21,83,5,1,44,99,28"/><U76/><E120/><V92/><F92/><W81/><G133/><T48/><D131/><U60/><E105/><V119/><F110/><W126/><G44/><T68/><D116/><U40/><E135/><V19/><F119/><W4/><G1/><T51/><D68/><U107/><E35/><V30/><F37/><W108/><G108/><T27/><D7/><N who="3" m="2633" /><G21/><T72/><D72/><U59/><E107/><V104/><F69/><W84/><G28/><T26/><D26/><U73/><E56/><V58/><F58/><W80/><G84/><T57/><D66/><U29/><E40/><V134/><F134/><W74/><G74/><T87/><D87/><U78/><E75/><V101/><F104/><W113/><N who="3" m="29184" /><DORA hai="128" /><W106/><G106/><T129/><D129/><U32/><E73/><V95/><F0/><W20/><G20/><N who="0" m="13719" /><D65/><U79/><E6/><V94/><F34/><W52/><G52/><N who="0" m="29719" /><D57/><U42/><E42/><V33/><F33/><W62/><G62/><T130/><D130/><U24/><E14/><N who="2" m="7239" /><F30/><W125/><AGARI ba="0,0" hai="80,81,83,98,99,124,125,126" m="29184,2633" machi="125" ten="70,12000,2" yaku="29,2,28,2,18,1,15,1" doraHai="49,128" who="3" fromWho="3" sc="177,-30,139,-60,301,-30,383,120" /><INIT seed="6,0,0,4,5,71" ten="147,79,271,503" oya="2" hai0="92,126,41,47,133,44,62,89,114,96,49,67,11" hai1="85,54,122,81,95,80,28,43,124,91,35,116,13" hai2="106,75,87,72,73,135,130,33,99,34,76,82,103" hai3="108,52,19,18,77,84,24,119,0,107,1,3,31"/><V10/><F130/><W65/><G107/><T8/><D114/><U57/><E124/><V25/><F135/><W101/><G119/><T32/><D32/><U90/><E122/><V128/><F10/><W56/><G108/><T111/><D111/><U118/><E116/><V97/><F128/><W113/><G65/><T110/><D110/><U42/><E118/><V38/><F38/><W30/><G101/><T58/><D133/><U64/><E35/><V117/><F117/><W127/><G113/><T50/><D126/><U37/><E28/><V23/><REACH who="2" step="1"/><F99/><REACH who="2" ten="147,79,261,503" step="2"/><W131/><G131/><T20/><REACH who="0" step="1"/><D20/><REACH who="0" ten="137,79,261,503" step="2"/><U100/><E37/><V66/><F66/><W36/><G127/><T79/><D79/><U27/><E64/><V39/><F39/><W2/><G77/><T93/><D93/><U102/><E95/><V15/><F15/><W17/><G36/><T63/><D63/><U94/><E13/><V22/><F22/><W59/><G0/><T105/><D105/><U121/><E94/><V109/><F109/><W9/><G1/><T78/><D78/><U123/><E121/><V51/><F51/><W45/><G2/><T6/><D6/><U88/><E123/><V14/><F14/><W48/><G3/><T112/><D112/><U40/><E27/><V98/><F98/><W29/><G24/><T12/><D12/><U4/><E4/><V55/><F55/><AGARI ba="0,2" hai="8,11,41,44,47,49,50,55,58,62,67,89,92,96" machi="55" ten="30,8000,1" yaku="1,1,7,1,8,1,53,2" doraHai="71" doraHaiUra="5" who="0" fromWho="2" sc="137,100,79,0,261,-80,503,0" /><INIT seed="7,0,0,5,1,99" ten="237,79,181,503" oya="3" hai0="14,62,57,103,71,114,107,121,64,115,109,59,102" hai1="129,34,35,53,42,40,132,93,13,43,20,90,3" hai2="46,39,33,96,61,72,80,85,23,11,89,78,122" hai3="74,16,0,29,47,18,66,24,60,4,9,98,100"/><W97/><G74/><T110/><D107/><U37/><E132/><V106/><F33/><W75/><G98/><T79/><D79/><U10/><E129/><V21/><F122/><W130/><G75/><T48/><D121/><U26/><E3/><V127/><F127/><W22/><G47/><T67/><D14/><U117/><E37/><V84/><F11/><W28/><G28/><T52/><D71/><U49/><E117/><V30/><F61/><W32/><G22/><T113/><REACH who="0" step="1"/><D67/><REACH who="0" ten="227,79,181,503" step="2"/><U25/><E35/><V6/><F106/><W123/><G123/><T92/><D92/><U108/><E34/><V131/><F39/><W81/><G66/><T68/><D68/><U54/><E108/><AGARI ba="0,1" hai="48,52,57,59,62,64,102,103,108,109,110,113,114,115" machi="108" ten="50,12000,2" yaku="1,1,15,1,11,1,52,2,54,1,53,0" doraHai="99" doraHaiUra="94" who="0" fromWho="1" sc="227,130,79,-120,181,0,503,0" owari="357,16,-41,-54,181,-22,503,60" /></mjloggm>