<mjloggm ver="2.3"><GO type="137" lobby="0"/><UN n0="%68%61%6E%61%61%6D%69%7A" n1="%6E%69%6B%6B%6F%75" n2="%E7%95%99%E8%90%8C" n3="%65%68%75%65%68%75%33%32" dan="12,14,12,12" rate="1724.83,1828.40,1594.70,1642.97" sx="F,M,M,M"/><TAIKYOKU oya="0"/><INIT seed="0,0,0,3,3,59" ten="250,250,250,250" oya="0" hai0="38,12,108,132,127,89,125,123,87,69,82,24,30" hai1="51,44,53,2,70,64,45,65,122,16,119,83,66" hai2="17,57,134,117,54,42,116,18,95,75,31,4,7" hai3="78,88,103,126,36,20,8,27,10,112,133,34,77"/><T6/><D69/><U43/><E2/><V22/><F75/><W32/><G112/><T81/><D38/><N who="1" m="21623" /><E122/><V96/><F42/><W39/><G126/><N who="0" m="48139" /><D123/><U23/><E119/><N who="2" m="45643" /><F134/><W47/><G133/><T94/><D132/><U62/><E83/><V72/><F72/><W114/><G114/><T80/><D80/><U85/><E85/><V52/><F4/><W37/><G103/><T100/><D100/><U5/><E5/><V25/><F7/><W79/><G88/><N who="0" m="53535" /><D108/><U91/><E91/><N who="2" m="55423" /><F54/><W86/><G86/><T90/><D6/><U46/><E23/><V73/><F73/><W35/><REACH who="3" step="1"/><G47/><REACH who="3" ten="250,250,250,240" step="2"/><N who="1" m="17930" /><E16/><AGARI ba="0,1" hai="8,10,16,20,27,32,34,35,36,37,39,77,78,79" machi="16" ten="50,8000,1" yaku="1,1,29,2,54,1,53,0" doraHai="59" doraHaiUra="135" who="3" fromWho="1" sc="250,0,250,-80,250,0,240,90" /><INIT seed="1,0,0,0,1,25" ten="250,170,250,330" oya="1" hai0="128,99,29,122,131,75,4,60,28,31,108,78,36" hai1="44,32,106,34,26,91,93,6,94,17,40,20,115" hai2="97,3,42,62,12,130,1,54,80,14,113,47,7" hai3="76,74,90,35,89,53,5,59,126,45,65,69,55"/><U110/><E115/><V15/><F130/><N who="0" m="49706" /><D36/><U117/><E106/><V13/><F113/><W61/><G126/><T66/><D4/><U119/><E6/><V88/><F1/><W73/><G5/><T127/><D127/><U37/><E110/><V77/><F62/><W85/><G35/><T68/><D122/><U9/><E9/><V102/><F54/><W83/><G73/><T81/><D108/><U100/><E100/><V109/><F109/><W23/><G23/><T70/><D99/><U10/><E10/><V33/><F33/><W38/><G74/><T120/><D120/><U0/><E0/><V116/><F116/><W19/><G19/><T96/><D96/><U63/><E63/><V49/><F3/><W98/><G98/><T43/><D43/><U79/><E79/><V107/><F7/><W58/><G58/><AGARI ba="0,0" hai="28,29,31,58,60,66,68,70,75,78,81" m="49706" machi="58" ten="30,7700,0" yaku="19,1,52,3" doraHai="25" who="0" fromWho="3" sc="250,77,170,0,250,0,330,-77" /><INIT seed="2,0,0,4,3,3" ten="327,170,250,253" oya="2" hai0="79,75,24,46,103,55,36,80,100,0,129,132,50" hai1="30,49,124,71,19,84,105,1,34,21,81,11,41" hai2="7,40,16,58,38,35,62,14,68,51,92,87,89" hai3="104,102,96,95,23,126,8,134,73,117,127,64,130"/><V98/><F35/><W82/><G64/><T119/><D119/><U70/><E105/><V53/><F7/><W9/><G23/><T77/><D132/><U43/><E124/><V29/><F29/><W66/><G66/><T114/><D114/><U37/><E37/><V131/><F131/><W52/><G134/><T12/><D0/><U74/><E74/><V48/><F98/><W83/><G117/><T2/><D2/><U33/><E49/><V111/><F111/><W28/><G28/><T135/><D135/><U122/><E122/><V91/><F91/><W113/><G130/><T123/><D123/><U10/><E1/><V110/><F110/><W4/><G9/><N who="1" m="3082" /><E30/><V17/><F14/><N who="3" m="5383" /><G113/><T97/><D36/><U57/><E57/><V112/><F112/><W25/><G25/><T128/><D128/><U6/><E6/><V15/><F38/><W88/><G73/><T54/><D129/><U69/><E33/><V116/><F68/><W125/><G52/><T76/><D103/><U42/><E34/><V18/><F116/><W22/><G22/><T56/><D12/><N who="1" m="9447" /><E71/><V45/><REACH who="2" step="1"/><F48/><REACH who="2" ten="327,170,240,253" step="2"/><W86/><AGARI ba="0,1" hai="82,83,86,88,95,96,102,104,125,126,127" m="5383" machi="86" ten="30,4000,0" yaku="18,1,52,1,54,1" doraHai="3" who="3" fromWho="3" sc="327,-10,170,-10,240,-20,253,50" /><INIT seed="3,0,0,5,5,91" ten="317,160,220,303" oya="3" hai0="114,104,131,115,6,25,40,113,81,124,28,73,38" hai1="31,84,35,116,29,37,53,123,132,11,99,27,85" hai2="52,103,8,77,33,22,125,133,14,108,63,42,3" hai3="111,48,100,97,45,19,49,41,59,1,82,89,21"/><W39/><G1/><T109/><D104/><U50/><E123/><V2/><F77/><W102/><G111/><T20/><D38/><U70/><E37/><V47/><F108/><W9/><G9/><T43/><D109/><U106/><E70/><V130/><F33/><W36/><G36/><T101/><D101/><U26/><E132/><V23/><F133/><W88/><G39/><T92/><D6/><U24/><E116/><V55/><F103/><W64/><G82/><T98/><D131/><U30/><E106/><V74/><F74/><W78/><G78/><T54/><D124/><U44/><E35/><V10/><F130/><W13/><G100/><T96/><D54/><U122/><E122/><V75/><F75/><W61/><G49/><T5/><D5/><U86/><E99/><V16/><F125/><W80/><REACH who="3" step="1"/><G80/><REACH who="3" ten="317,160,220,293" step="2"/><T66/><D81/><U93/><E11/><V79/><F79/><W60/><G60/><T134/><D134/><U15/><E15/><V87/><F2/><W128/><G128/><T117/><D117/><U112/><E112/><V83/><F3/><W34/><G34/><T57/><D73/><U7/><E7/><V76/><F8/><W105/><AGARI ba="0,1" hai="13,19,21,41,45,48,59,61,64,88,89,97,102,105" machi="105" ten="20,12000,1" yaku="1,1,0,1,7,1,54,1,53,1" doraHai="91" doraHaiUra="56" who="3" fromWho="3" sc="317,-40,160,-40,220,-40,293,130" /><INIT seed="3,1,0,0,5,3" ten="277,120,180,423" oya="3" hai0="54,33,88,37,6,95,107,18,112,34,104,135,44" hai1="14,113,52,26,106,105,111,80,57,5,58,49,101" hai2="16,4,122,98,32,123,86,134,17,72,91,76,46" hai3="77,68,102,126,1,12,23,116,2,59,71,96,35"/><W87/><G116/><T43/><D112/><U79/><E111/><V110/><F32/><W85/><G35/><T0/><D135/><U128/><E113/><V15/><F134/><W75/><G126/><T20/><D33/><U42/><E128/><V82/><F46/><W70/><G75/><T133/><D133/><U132/><E132/><V69/><F69/><W78/><G59/><T94/><D34/><U73/><E101/><V84/><F110/><W120/><G120/><N who="2" m="46121" /><F98/><W127/><G127/><T66/><D95/><U130/><E130/><V9/><F84/><W100/><G23/><T40/><D40/><U81/><E42/><V115/><F115/><W25/><G25/><T109/><D109/><U64/><E26/><V118/><F118/><W67/><G67/><T51/><D66/><U125/><E81/><AGARI ba="1,0" hai="4,9,15,16,17,72,76,81,82,86,91" m="46121" machi="81" ten="30,3900,0" yaku="13,1,52,1,54,1" doraHai="3" who="2" fromWho="1" sc="277,0,120,-42,180,42,423,0" /><INIT seed="4,0,0,4,4,71" ten="277,78,222,423" oya="0" hai0="104,106,29,40,57,93,28,127,130,7,95,20,33" hai1="91,123,80,35,116,112,109,120,65,87,12,45,134" hai2="42,19,44,54,121,6,17,0,129,27,51,18,97" hai3="82,102,96,99,69,59,36,58,133,41,39,32,132"/><T108/><D130/><U4/><E35/><V90/><F129/><W50/><G32/><T67/><D127/><U101/><E65/><V114/><F121/><W13/><G82/><T15/><D33/><U128/><E128/><V135/><F114/><W117/><G117/><T119/><D119/><U76/><E116/><V86/><F135/><N who="3" m="51787" /><G69/><T75/><D75/><U49/><E134/><V3/><F97/><N who="3" m="37451" /><G102/><T38/><D108/><U66/><E101/><V47/><F27/><W111/><G111/><T113/><D113/><U2/><E109/><V92/><REACH who="2" step="1"/><F6/><REACH who="2" ten="277,78,212,423" step="2"/><W124/><G124/><T60/><D104/><U22/><E112/><V89/><F89/><W53/><G13/><T5/><D106/><U26/><E120/><V56/><F56/><N who="3" m="21547" /><G41/><T34/><D7/><U122/><E123/><V68/><F68/><W77/><G77/><T62/><D5/><U46/><E122/><V30/><F30/><W94/><G94/><T16/><D34/><U81/><E76/><V48/><AGARI ba="0,1" hai="0,3,17,18,19,42,44,47,48,51,54,86,90,92" machi="48" ten="30,2000,0" yaku="1,1,0,1,53,0" doraHai="71" doraHaiUra="52" who="2" fromWho="2" sc="277,-10,78,-5,212,30,423,-5" /><INIT seed="5,0,0,1,0,32" ten="267,73,242,418" oya="1" hai0="67,106,60,87,41,1,40,26,123,18,122,128,29" hai1="84,69,19,89,36,134,77,51,71,2,11,4,64" hai2="74,130,50,35,21,80,46,15,75,10,109,16,53" hai3="92,24,34,47,115,98,120,95,54,62,133,17,3"/><U112/><E36/><V94/><F35/><W39/><G120/><T8/><D106/><U117/><E117/><V6/><F109/><W12/><G115/><T114/><D114/><U7/><E112/><V132/><F130/><W5/><G133/><T104/><D104/><U9/><E134/><V68/><F132/><W37/><G92/><T49/><D128/><U73/><E64/><V135/><F68/><W93/><G93/><T27/><D49/><U65/><E19/><V52/><F135/><W100/><G62/><T22/><D87/><U113/><E113/><V97/><F80/><W55/><G47/><T88/><D88/><U103/><E103/><V14/><REACH who="2" step="1"/><F53/><REACH who="2" ten="267,73,232,418" step="2"/><W99/><G54/><T43/><D123/><U28/><E77/><V119/><F119/><W63/><G55/><T111/><D122/><U85/><E73/><V79/><F79/><W33/><G34/><T126/><D111/><U58/><E84/><V82/><F82/><W101/><G33/><T57/><D126/><U48/><E69/><V131/><F131/><W45/><G101/><AGARI ba="0,1" hai="6,10,14,15,16,21,46,50,52,74,75,94,97,101" machi="101" ten="30,7700,0" yaku="1,1,7,1,54,2,53,0" doraHai="32" doraHaiUra="31" who="2" fromWho="3" sc="267,0,73,0,232,87,418,-77" /><INIT seed="6,0,0,2,4,59" ten="267,73,319,341" oya="2" hai0="15,22,62,57,115,75,72,130,123,5,47,41,50" hai1="58,61,19,78,11,13,27,94,116,45,73,117,12" hai2="119,26,109,46,69,29,17,18,40,88,121,79,96" hai3="24,25,2,52,0,4,30,7,107,127,125,44,93"/><V68/><F119/><W112/><G107/><T23/><D123/><U34/><E45/><V55/><F121/><W20/><G93/><T64/><D130/><U80/><E34/><V60/><F79/><W49/><G112/><T131/><D131/><U86/><E27/><V98/><F109/><W28/><G2/><T85/><D115/><U95/><E12/><V92/><F96/><W8/><REACH who="3" step="1"/><G4/><REACH who="3" ten="267,73,319,331" step="2"/><T113/><D113/><U32/><E32/><AGARI ba="0,1" hai="0,7,8,20,24,25,28,30,32,44,49,52,125,127" machi="32" ten="40,5200,0" yaku="1,1,2,1,54,1,53,0" doraHai="59" doraHaiUra="36" who="3" fromWho="1" sc="267,0,73,-52,319,0,331,62" /><INIT seed="7,0,0,4,2,31" ten="267,21,319,393" oya="3" hai0="130,38,27,56,18,101,124,24,108,105,44,25,48" hai1="99,125,52,40,30,22,21,111,115,77,32,1,82" hai2="53,2,71,87,123,33,85,83,0,10,46,120,102" hai3="68,117,35,127,79,69,112,45,128,73,97,89,57"/><W129/><G117/><T107/><D108/><U94/><E111/><V7/><F71/><W132/><G112/><T36/><D130/><N who="3" m="50281" /><G127/><T133/><D124/><U86/><E1/><V13/><F102/><W59/><G132/><T88/><D133/><U23/><E40/><V122/><F33/><W63/><G35/><T76/><D76/><U49/><E125/><V131/><F131/><W9/><G9/><T104/><D101/><U60/><E115/><V134/><F134/><W11/><G11/><T78/><D78/><U92/><E60/><V39/><F39/><W43/><G79/><T17/><D56/><N who="3" m="21577" /><G73/><T96/><D48/><U106/><E106/><V90/><F85/><W42/><G89/><T58/><D58/><U16/><E32/><V75/><F75/><W110/><G97/><T6/><D6/><U80/><E30/><V61/><F61/><W34/><G34/><T66/><D66/><U67/><E67/><V37/><F37/><W4/><G4/><T62/><D62/><U8/><E82/><V91/><F91/><W116/><G116/><T20/><D44/><N who="1" m="27687" /><E99/><V95/><F95/><N who="1" m="36393" /><E8/><V26/><F26/><AGARI ba="0,0" hai="16,21,22,23,26,77,80,86" m="36393,27687" machi="26" ten="30,3900,0" yaku="8,1,54,2" doraHai="31" who="1" fromWho="2" sc="267,0,21,39,319,-39,393,0" owari="267,-13,60,-44,280,8,393,49" /></mjloggm>