<mjloggm ver="2.3"><GO type="137" lobby="0"/><UN n0="%E7%95%99%E8%90%8C" n1="%E3%81%B9%E3%81%A8%E3%81%B9%E3%81%9F%E3%83%BC" n2="%4B%4C%4E" n3="%72%69%68%6F%30%37%37%65" dan="12,9,12,11" rate="1578.04,1668.40,1747.75,1582.05" sx="M,M,M,M"/><TAIKYOKU oya="0"/><INIT seed="0,0,0,3,2,115" ten="250,250,250,250" oya="0" hai0="31,28,93,20,123,42,50,78,99,62,55,60,36" hai1="127,26,14,23,107,100,37,73,9,75,121,21,6" hai2="70,10,101,19,59,13,11,84,4,63,108,120,57" hai3="88,83,85,122,54,74,3,89,52,87,27,61,105"/><T48/><D123/><U40/><E121/><V132/><F120/><W102/><G3/><T126/><D78/><U0/><E127/><V96/><F108/><W34/><G74/><T35/><D126/><U22/><E75/><V25/><F132/><W43/><G122/><T17/><D35/><U1/><E73/><V125/><F125/><W110/><G105/><T66/><D36/><U68/><E68/><V97/><F84/><W44/><G110/><T131/><D131/><U29/><E100/><V30/><F70/><W67/><G102/><N who="0" m="60783" /><D42/><U24/><E40/><V124/><F124/><W128/><G34/><T111/><D111/><U103/><E103/><V45/><F45/><W15/><G128/><T90/><D90/><U113/><E107/><V92/><F97/><W5/><G27/><N who="0" m="14735" /><D66/><U7/><E37/><V8/><F4/><N who="1" m="1577" /><E113/><V130/><F130/><W135/><G135/><T12/><D12/><U81/><E81/><V58/><REACH who="2" step="1"/><F63/><REACH who="2" ten="250,250,240,250" step="2"/><N who="0" m="24106" /><D50/><U95/><E29/><V39/><F39/><W72/><G72/><T64/><D64/><U53/><E53/><N who="3" m="20586" /><G61/><T47/><AGARI ba="0,1" hai="28,31,47,48,55" m="24106,14735,60783" machi="47" ten="30,1500,0" yaku="8,1" doraHai="115" who="0" fromWho="0" sc="250,25,250,-5,240,-5,250,-5" /><INIT seed="0,1,0,5,5,32" ten="275,245,235,245" oya="0" hai0="4,75,104,21,63,114,78,1,19,64,59,25,98" hai1="48,117,62,39,88,83,126,14,31,33,40,122,129" hai2="125,113,60,12,2,91,56,9,30,77,29,90,92" hai3="96,18,81,131,16,85,87,107,44,17,51,110,103"/><T50/><D114/><U23/><E117/><V93/><F113/><W20/><G131/><T123/><D123/><U80/><E122/><V7/><F125/><W94/><G110/><T66/><D75/><U134/><E33/><V97/><F77/><W109/><G109/><T54/><D78/><U111/><E111/><V76/><F76/><W68/><G68/><T57/><D104/><U127/><E134/><V74/><F74/><W38/><G38/><T115/><D98/><U108/><E108/><V0/><F30/><W89/><G107/><T112/><REACH who="0" step="1"/><D66/><REACH who="0" ten="265,245,235,245" step="2"/><U69/><E129/><V72/><F72/><W102/><G87/><T35/><D35/><U130/><E130/><V124/><F124/><W95/><G103/><T5/><D5/><U121/><E121/><V105/><F105/><W49/><G95/><T55/><D55/><U84/><E127/><V15/><F29/><W43/><REACH who="3" step="1"/><G51/><REACH who="3" ten="265,245,235,235" step="2"/><T120/><D120/><U99/><E126/><V42/><F93/><W67/><G67/><T118/><D118/><U70/><E39/><V22/><F92/><W73/><G73/><T52/><D52/><U86/><E86/><V132/><F97/><W41/><G41/><T10/><AGARI ba="1,2" hai="1,4,10,19,21,25,50,54,57,59,63,64,112,115" machi="10" ten="30,11700,0" yaku="1,1,0,1,52,1,53,1" doraHai="32" doraHaiUra="13" who="0" fromWho="0" sc="265,140,245,-40,235,-40,235,-40" /><INIT seed="0,2,0,3,3,72" ten="405,205,195,195" oya="0" hai0="45,16,82,83,25,103,109,56,62,13,98,135,19" hai1="43,2,67,76,35,106,39,8,24,12,52,116,117" hai2="60,114,88,49,130,71,132,89,81,58,59,33,108" hai3="99,86,100,68,75,17,87,30,55,110,70,64,96"/><T46/><D135/><U32/><E106/><V51/><F114/><W90/><G110/><T26/><D109/><U34/><E67/><V27/><F108/><W118/><G75/><T122/><D122/><U66/><E66/><V128/><F132/><W127/><G118/><T61/><D103/><U20/><E43/><V37/><F37/><W105/><G127/><T126/><D126/><U7/><E39/><V50/><F71/><W74/><G64/><T54/><D98/><U93/><E93/><V123/><F123/><W21/><G74/><T18/><D13/><U84/><E52/><N who="2" m="33863" /><F59/><W120/><G120/><T121/><D121/><U36/><E36/><V28/><F81/><N who="0" m="30730" /><D62/><U119/><E76/><V77/><F77/><W1/><G1/><T85/><D85/><U65/><E84/><V42/><F42/><W47/><G30/><T6/><D6/><U101/><E101/><V31/><F31/><W0/><G0/><T124/><D124/><U40/><E65/><V29/><F29/><W4/><G4/><T112/><D112/><U9/><E40/><V44/><F44/><AGARI ba="2,0" hai="16,18,19,25,26,44,45,46,54,56,61" m="30730" machi="44" ten="30,2900,0" yaku="8,1,54,1" doraHai="72" who="0" fromWho="2" sc="405,35,205,0,195,-35,195,0" /><INIT seed="0,3,0,4,1,8" ten="440,205,160,195" oya="0" hai0="83,130,91,11,48,78,71,50,77,108,62,60,94" hai1="33,82,4,87,13,63,111,22,9,95,24,28,3" hai2="97,92,40,120,46,58,69,65,68,36,38,54,6" hai3="12,107,90,114,79,123,52,116,88,18,25,117,127"/><T45/><D130/><U51/><E111/><V1/><F1/><W2/><G79/><T27/><D108/><U75/><E75/><V10/><F10/><W131/><G114/><T81/><D71/><N who="2" m="27210" /><F6/><W122/><G107/><T21/><D11/><U7/><E7/><V104/><F104/><W80/><G2/><T41/><D27/><U61/><E51/><N who="2" m="27079" /><F92/><W74/><G74/><T99/><D21/><U109/><E95/><V31/><F97/><W23/><G80/><N who="0" m="30795" /><D50/><U113/><E109/><V112/><F31/><N who="3" m="17855" /><G127/><T0/><D0/><U89/><E113/><V135/><F112/><W72/><G72/><T19/><D19/><AGARI ba="3,0" hai="3,4,9,13,19,22,24,28,33,61,63,82,87,89" machi="19" ten="40,5200,0" yaku="24,2,52,1" doraHai="8" who="1" fromWho="0" sc="440,-61,205,61,160,0,195,0" /><INIT seed="1,0,0,3,0,92" ten="379,266,160,195" oya="1" hai0="66,44,110,12,18,96,70,83,82,126,4,60,130" hai1="32,80,48,111,79,57,84,67,116,39,62,19,30" hai2="50,100,112,64,51,118,42,114,95,132,37,123,5" hai3="133,122,87,59,55,40,101,9,103,14,58,21,127"/><U33/><E116/><V117/><F5/><W63/><G122/><T99/><D110/><U1/><E39/><V74/><F74/><W135/><G40/><T53/><D4/><U23/><E1/><V89/><F100/><W11/><G127/><T8/><D130/><U104/><E104/><V46/><F89/><W131/><G21/><T49/><REACH who="0" step="1"/><D126/><REACH who="0" ten="369,266,160,195" step="2"/><U93/><E111/><V90/><F123/><W65/><G131/><T115/><D115/><U85/><E33/><V24/><F114/><W94/><G135/><T124/><D124/><U15/><E32/><V43/><F112/><W81/><G133/><T36/><D36/><U7/><E7/><V2/><F132/><W91/><G11/><T27/><D27/><U73/><E23/><V56/><F24/><W13/><G9/><T105/><D105/><U76/><E15/><N who="3" m="5642" /><G81/><AGARI ba="0,1" hai="8,12,18,44,49,53,60,66,70,81,82,83,96,99" machi="81" ten="40,5200,0" yaku="1,1,52,2,53,0" doraHai="92" doraHaiUra="22" who="0" fromWho="3" sc="369,62,266,0,160,0,195,-52" /><INIT seed="2,0,0,3,2,10" ten="431,266,160,143" oya="2" hai0="45,85,22,11,110,28,107,114,47,109,100,15,103" hai1="102,25,131,7,32,40,112,124,93,55,94,62,122" hai2="71,46,67,13,82,59,78,121,87,18,34,19,99" hai3="57,96,125,88,66,80,120,44,105,133,43,84,111"/><V75/><F121/><W83/><G120/><T89/><D114/><U39/><E112/><V9/><F34/><W74/><G105/><T92/><D107/><U64/><E131/><V53/><F46/><N who="0" m="17418" /><D28/><U54/><E124/><V118/><F118/><W127/><G74/><T106/><D106/><U73/><E73/><V38/><F38/><W56/><G66/><T132/><D132/><U91/><E7/><V4/><F99/><W69/><G69/><T60/><D60/><U130/><E130/><V8/><F67/><W115/><G115/><T58/><D58/><N who="3" m="22633" /><G111/><N who="0" m="42507" /><D22/><U21/><E32/><V41/><F41/><W128/><G133/><T26/><D26/><U14/><E40/><V101/><F71/><W6/><G128/><T117/><D117/><U61/><E39/><V42/><F42/><W119/><G119/><T17/><AGARI ba="0,0" hai="11,15,17,85,89,92,100,103" m="42507,17418" machi="17" ten="30,2000,0" yaku="14,1,52,1" doraHai="10" who="0" fromWho="0" sc="431,20,266,-5,160,-10,143,-5" /><INIT seed="3,0,0,0,5,16" ten="451,261,150,138" oya="3" hai0="75,126,95,80,33,63,124,116,53,25,49,72,85" hai1="28,73,46,43,26,78,117,132,37,50,52,77,59" hai2="21,24,90,87,18,30,5,70,65,111,79,17,34" hai3="55,20,96,135,74,71,115,122,97,7,19,68,27"/><W114/><G122/><T133/><D116/><U107/><E132/><V64/><F111/><W123/><G74/><T58/><D133/><U23/><E107/><V29/><F5/><W118/><G123/><T47/><D95/><U119/><REACH who="1" step="1"/><E73/><REACH who="1" ten="451,251,150,138" step="2"/><V106/><F106/><W1/><G135/><T3/><D75/><U113/><E113/><V88/><F70/><W102/><G118/><AGARI ba="0,1" hai="23,26,28,37,43,46,50,52,59,77,78,117,118,119" machi="118" ten="40,8000,1" yaku="1,1,12,1,52,1,54,1,53,0" doraHai="16" doraHaiUra="4" who="1" fromWho="3" sc="451,0,251,90,150,0,138,-80" /><INIT seed="4,0,0,5,2,122" ten="451,341,150,58" oya="0" hai0="33,21,86,49,124,70,45,93,29,56,116,52,83" hai1="55,67,25,118,102,95,47,6,54,44,7,106,39" hai2="23,119,63,20,126,107,3,74,121,91,81,125,92" hai3="37,5,42,0,24,104,87,8,31,88,65,134,111"/><T94/><D33/><U109/><E106/><V1/><F121/><W82/><G65/><T19/><D70/><U9/><E118/><V115/><F119/><W30/><G104/><T34/><D116/><U43/><E67/><V41/><F107/><W61/><G61/><T123/><D123/><U79/><E79/><V17/><F115/><W66/><G66/><T98/><D124/><U35/><E7/><V38/><F63/><W26/><G37/><T117/><D117/><U68/><E68/><V75/><F81/><W27/><G42/><T110/><D34/><U108/><E54/><V101/><F41/><W14/><G82/><T4/><D29/><N who="3" m="10761" /><G87/><T46/><D4/><U58/><E25/><N who="3" m="6402" /><W16/><DORA hai="84" /><G88/><N who="0" m="51295" /><D110/><U133/><E35/><V32/><F32/><W48/><G134/><T57/><D57/><U53/><E47/><N who="0" m="17929" /><D98/><U28/><E28/><V72/><F38/><W60/><G48/><T71/><D71/><U10/><E133/><V51/><F51/><W50/><G60/><T2/><D2/><U103/><E53/><V62/><F62/><W89/><G50/><T12/><AGARI ba="0,0" hai="12,19,21,49,52,56,93,94" m="17929,51295" machi="12" ten="30,11700,0" yaku="8,1,52,1,54,2" doraHai="122,84" who="0" fromWho="0" sc="451,117,341,-39,150,-39,58,-39" /><INIT seed="4,1,0,3,4,29" ten="568,302,111,19" oya="0" hai0="4,131,74,27,111,59,60,82,96,56,31,69,93" hai1="33,1,24,115,116,40,101,124,38,65,45,87,19" hai2="125,17,42,133,132,92,114,134,106,44,2,32,77" hai3="9,22,10,39,15,46,71,126,14,104,34,79,25"/><T117/><D117/><U103/><E116/><V62/><F106/><W122/><G79/><T8/><D131/><U37/><E1/><V61/><F2/><W89/><G46/><T110/><D69/><U105/><E105/><V100/><F114/><W80/><G104/><T26/><D56/><U72/><E72/><V36/><F125/><W20/><G71/><T112/><D112/><U88/><E65/><V84/><F17/><W13/><G39/><T91/><D74/><U12/><E124/><V43/><F100/><W5/><G80/><T50/><D50/><U118/><E118/><V75/><F75/><W41/><G41/><T11/><D82/><U109/><E109/><N who="0" m="41481" /><D4/><U23/><E38/><V128/><F128/><W107/><G89/><T70/><D70/><U48/><E115/><V81/><F43/><W47/><G107/><T57/><D57/><U129/><E129/><V16/><F92/><W21/><G126/><T127/><D127/><U55/><E33/><V78/><F78/><W52/><G122/><T35/><D26/><U76/><E24/><V94/><F94/><W85/><G85/><T83/><D83/><U7/><E7/><V121/><F121/><W68/><G68/><T73/><D73/><U0/><E0/><V51/><F36/><W90/><G90/><T120/><D120/><U98/><E98/><V135/><F135/><W66/><G66/><AGARI ba="1,0" hai="8,11,27,31,35,59,60,66,91,93,96" m="41481" machi="66" ten="30,2900,0" yaku="10,1,52,1" doraHai="29" who="0" fromWho="3" sc="568,32,302,0,111,0,19,-32" owari="600,70,302,10,111,-29,-13,-51" /></mjloggm>