<mjloggm ver="2.3"><GO type="9" lobby="5616"/><UN n0="%5A%75%74%73%75%6B%69" n1="%E3%81%B5%E3%81%89%E3%81%8E%E3%81%83" n2="%E9%9B%B2%E5%80%8B" n3="%E7%95%99%E8%90%8C" dan="12,0,0,12" rate="1734.29,1500.00,1500.00,1568.23" sx="M,M,F,M"/><TAIKYOKU oya="0"/><INIT seed="0,0,0,3,2,43" ten="250,250,250,250" oya="0" hai0="55,104,14,103,41,39,46,53,74,54,132,122,16" hai1="23,10,61,22,52,45,69,88,114,19,127,75,96" hai2="51,93,116,66,30,99,65,27,25,71,36,134,57" hai3="128,112,32,1,117,84,111,48,72,13,119,5,123"/><T129/><D122/><U33/><E75/><V83/><F116/><W0/><G123/><T12/><D74/><U98/><E33/><V87/><F71/><W101/><G112/><T17/><D129/><U47/><E69/><V100/><F134/><W105/><G72/><T76/><D132/><U34/><E34/><V49/><F36/><W59/><G32/><T8/><D76/><U56/><E114/><V20/><F27/><W68/><G119/><T63/><D104/><U135/><E135/><V37/><F37/><W64/><G117/><T95/><D103/><U26/><E127/><V42/><F42/><W78/><G111/><T29/><D29/><N who="1" m="17623" /><E88/><N who="2" m="51327" /><F57/><W121/><G121/><T77/><D95/><U109/><E109/><V120/><F120/><W80/><G128/><T124/><D77/><U133/><E133/><V38/><F38/><W86/><G68/><T91/><D91/><U81/><E81/><V118/><F118/><W7/><G105/><T108/><D108/><U4/><E4/><V92/><F92/><W35/><G64/><AGARI ba="0,0" hai="20,25,30,49,51,64,65,66,93,99,100" m="51327" machi="64" ten="30,2000,0" yaku="8,1,54,1" doraHai="43" who="2" fromWho="3" sc="250,0,250,0,250,20,250,-20" /><INIT seed="1,0,0,3,2,103" ten="250,250,270,230" oya="1" hai0="97,65,8,70,10,109,119,30,29,50,84,105,126" hai1="108,98,124,96,110,85,18,15,112,127,90,133,116" hai2="118,32,0,47,114,17,25,2,104,77,37,12,68" hai3="66,135,86,26,101,71,117,123,87,19,100,76,57"/><U125/><E116/><V75/><F114/><W27/><G117/><T60/><D119/><U88/><E112/><V38/><F118/><W53/><G123/><T115/><D115/><U69/><E69/><V31/><F17/><W78/><G135/><T91/><D109/><N who="1" m="42091" /><E133/><V46/><F12/><W51/><G71/><T63/><D126/><N who="1" m="32259" /><U134/><DORA hai="6" /><E134/><V92/><F92/><W74/><G66/><T20/><D60/><U54/><E54/><V9/><F47/><W36/><G36/><N who="2" m="13929" /><F46/><W81/><G78/><T72/><D72/><U107/><E107/><V111/><F111/><W11/><G11/><T14/><D50/><U59/><E59/><V22/><F22/><W122/><G122/><T120/><D120/><U39/><E39/><V35/><F9/><W44/><G57/><T129/><D129/><U24/><E24/><V55/><F55/><W5/><G5/><T106/><D97/><N who="1" m="37483" /><E85/><V48/><F48/><W67/><G67/><T23/><D14/><U33/><E33/><N who="2" m="12875" /><F25/><W43/><G27/><T128/><D128/><U61/><E61/><V130/><F130/><W131/><G131/><T94/><D29/><U52/><E52/><V132/><F31/><W40/><G26/><T121/><D121/><U82/><E82/><N who="2" m="45375" /><F132/><W4/><G4/><T34/><D34/><U113/><E113/><V93/><F68/><W3/><G3/><N who="2" m="1065" /><F93/><W102/><G19/><T21/><D30/><U45/><E45/><V16/><F16/><W64/><G64/><T95/><D23/><AGARI ba="0,0" hai="15,18,23,88,90" m="37483,32259,42091" machi="23" ten="50,12000,1" yaku="14,1,10,1,18,1,54,1" doraHai="103,6" who="1" fromWho="0" sc="250,-120,250,120,270,0,230,0" /><INIT seed="1,1,0,2,5,57" ten="130,370,270,230" oya="1" hai0="82,45,50,29,107,73,35,20,81,6,134,53,63" hai1="83,44,108,105,85,95,22,48,40,103,112,71,13" hai2="49,1,91,106,31,52,60,94,16,124,93,24,32" hai3="68,25,7,111,58,23,61,129,74,67,33,86,12"/><U42/><E22/><V118/><F118/><W80/><G33/><T109/><D109/><U46/><E13/><V69/><F1/><W79/><G74/><T56/><D107/><U87/><E71/><V4/><F124/><W127/><G111/><T88/><D35/><U17/><E17/><V90/><F106/><W43/><G127/><T75/><D6/><U135/><E108/><V9/><F69/><W99/><G129/><T65/><D134/><U14/><E112/><V27/><F60/><W123/><G123/><T54/><D73/><U76/><E14/><V104/><F104/><W78/><G43/><N who="1" m="16426" /><E105/><V121/><F121/><W28/><G68/><T110/><D110/><U77/><E135/><V70/><F70/><W125/><G125/><T132/><D75/><U62/><E62/><V47/><F4/><W72/><G72/><T30/><D132/><U2/><E2/><V84/><F9/><N who="3" m="4159" /><G99/><T21/><D82/><N who="1" m="47303" /><E48/><V115/><F115/><W113/><G113/><T64/><D30/><U133/><E133/><V128/><F128/><W101/><G101/><T38/><D29/><U126/><E126/><V66/><F66/><N who="0" m="25706" /><D38/><U131/><E131/><V41/><F32/><W96/><G96/><AGARI ba="1,0" hai="44,46,77,83,87,95,96,103" m="47303,16426" machi="96" ten="30,1500,0" yaku="8,1" doraHai="57" who="1" fromWho="3" sc="130,0,370,18,270,0,230,-18" /><INIT seed="1,2,0,3,2,135" ten="130,388,270,212" oya="1" hai0="107,24,20,60,39,116,45,53,74,108,129,97,27" hai1="40,25,6,99,126,67,28,75,77,33,98,55,11" hai2="123,52,102,128,35,65,34,9,83,4,31,41,96" hai3="111,29,14,101,121,110,30,13,46,70,47,127,120"/><U86/><E67/><V103/><F123/><W59/><G70/><T106/><D116/><U89/><E55/><V78/><F128/><W64/><G101/><T84/><D129/><U50/><E50/><V124/><F124/><W16/><G127/><T95/><D108/><N who="3" m="41513" /><G64/><T1/><D1/><U37/><E126/><V133/><F133/><W49/><G121/><T63/><D74/><U134/><E134/><V56/><F65/><W87/><G120/><T18/><D107/><U117/><E117/><V19/><F35/><W3/><G3/><T79/><D106/><U72/><E6/><V125/><F125/><W131/><G131/><T122/><D122/><U66/><E66/><V118/><F118/><W112/><G112/><T76/><D39/><U73/><E11/><V88/><F34/><W8/><G87/><T68/><D68/><U44/><REACH who="1" step="1"/><E77/><REACH who="1" ten="130,378,270,212" step="2"/><V62/><F41/><W22/><G8/><T51/><D79/><U38/><E38/><V43/><F43/><W57/><G57/><T23/><D76/><U12/><E12/><N who="2" m="5159" /><F31/><N who="3" m="11787" /><G13/><T91/><REACH who="0" step="1"/><D97/><REACH who="0" ten="120,378,270,212" step="2"/><U94/><AGARI ba="2,2" hai="25,28,33,37,40,44,72,73,75,86,89,94,98,99" machi="94" ten="30,3000,0" yaku="1,1,0,1,53,0" doraHai="135" doraHaiUra="113" who="1" fromWho="1" sc="120,-12,378,56,270,-12,212,-12" /><INIT seed="1,3,0,1,2,92" ten="108,434,258,200" oya="1" hai0="102,26,118,28,46,114,51,7,36,129,38,135,83" hai1="23,111,120,79,99,133,68,88,45,113,43,50,61" hai2="41,13,95,84,124,35,100,93,121,34,104,64,21" hai3="125,86,11,9,127,117,69,72,44,80,71,29,10"/><U103/><E23/><V55/><F104/><W63/><G72/><T97/><D118/><U47/><E120/><V77/><F121/><W39/><G117/><T108/><D114/><U25/><E113/><V89/><F124/><N who="3" m="47691" /><G29/><T105/><D108/><U87/><E25/><V130/><F35/><W101/><G101/><T65/><D129/><U18/><E18/><V53/><F34/><W60/><G39/><T27/><D135/><U54/><E133/><V40/><F21/><W0/><G0/><T49/><D7/><U90/><E111/><V98/><F13/><W57/><G44/><N who="1" m="16970" /><E68/><N who="3" m="26186" /><G57/><T1/><D1/><U48/><E43/><N who="2" m="16459" /><F64/><W32/><G32/><T6/><D6/><U110/><E110/><V94/><F77/><AGARI ba="3,0" hai="9,10,11,60,63,77,80,86" m="26186,47691" machi="77" ten="40,1300,0" yaku="18,1" doraHai="92" who="3" fromWho="2" sc="108,0,434,0,258,-22,200,22" /><INIT seed="2,0,0,0,1,131" ten="108,434,236,222" oya="2" hai0="10,102,132,16,135,128,2,57,64,65,17,88,6" hai1="58,37,127,77,69,107,82,134,117,90,31,74,67" hai2="78,19,133,70,118,91,39,68,43,97,73,21,80" hai3="72,84,3,49,47,7,25,86,106,34,110,18,26"/><V55/><F118/><W1/><G106/><T36/><D36/><U38/><E31/><V87/><F133/><N who="0" m="51274" /><D128/><U48/><E134/><V104/><F55/><W51/><G72/><T89/><D102/><U40/><E117/><V33/><F33/><W12/><G34/><T41/><D41/><U94/><E127/><V24/><F104/><W114/><G110/><T5/><D5/><U63/><E107/><V101/><F101/><W27/><G114/><T120/><D120/><U11/><E11/><V42/><F97/><W32/><G32/><T93/><D57/><U45/><REACH who="1" step="1"/><E69/><REACH who="1" ten="108,424,236,222" step="2"/><V71/><REACH who="2" step="1"/><F39/><REACH who="2" ten="108,424,226,222" step="2"/><W53/><G3/><T121/><D121/><U4/><E4/><V83/><AGARI ba="0,2" hai="19,21,24,42,43,68,70,71,73,78,80,83,87,91" machi="83" ten="40,12000,1" yaku="1,1,2,1,0,1,53,1" doraHai="131" doraHaiUra="14" who="2" fromWho="2" sc="108,-40,424,-40,226,140,222,-40" /><INIT seed="2,1,0,1,0,79" ten="68,384,366,182" oya="2" hai0="59,23,3,84,46,92,7,69,51,27,8,68,132" hai1="102,65,40,57,85,116,76,39,124,100,15,66,82" hai2="70,18,9,127,34,104,49,44,73,96,90,42,97" hai3="13,95,31,133,20,56,43,67,103,5,16,30,36"/><V134/><F134/><W21/><G133/><T63/><D132/><U61/><E15/><N who="2" m="7535" /><F34/><W1/><G36/><T29/><D92/><U41/><E116/><V25/><F127/><W48/><G103/><N who="1" m="39466" /><E124/><V74/><F70/><W4/><G95/><T64/><REACH who="0" step="1"/><D84/><REACH who="0" ten="58,384,366,182" step="2"/><U108/><E108/><V52/><F104/><W110/><G110/><T105/><D105/><U118/><E39/><V75/><F74/><W0/><G43/><AGARI ba="1,1" hai="3,7,8,23,27,29,43,46,51,59,63,64,68,69" machi="43" ten="30,3900,0" yaku="1,1,7,1,53,1" doraHai="79" doraHaiUra="37" who="0" fromWho="3" sc="58,52,384,0,366,0,182,-42" /><INIT seed="3,0,0,1,2,97" ten="110,384,366,140" oya="3" hai0="54,36,23,117,131,52,122,96,76,118,66,71,7" hai1="16,51,110,63,87,40,65,100,21,25,46,31,115" hai2="84,26,134,24,58,75,116,6,68,3,22,102,126" hai3="11,114,104,70,32,29,93,15,64,37,50,101,5"/><W105/><G37/><T35/><D122/><U77/><E115/><V113/><F126/><W79/><G114/><T34/><D96/><U41/><E110/><V88/><F134/><W135/><G135/><T0/><D23/><N who="1" m="15807" /><E100/><V10/><F113/><W67/><G79/><T62/><D76/><U49/><E77/><V13/><F116/><W78/><G78/><T108/><D108/><U112/><E112/><V12/><F68/><W45/><G70/><T81/><D81/><U129/><E87/><V99/><F58/><W120/><G120/><T72/><D71/><U56/><E129/><V38/><F75/><W28/><G105/><T127/><D127/><U17/><E46/><V59/><F38/><W91/><G104/><T42/><D36/><U133/><E133/><V1/><F59/><W109/><G32/><T94/><D94/><U57/><E57/><V83/><F1/><W19/><G109/><T123/><D0/><U60/><E60/><V43/><F43/><N who="1" m="16457" /><E21/><V95/><REACH who="2" step="1"/><F3/><REACH who="2" ten="110,384,356,140" step="2"/><W55/><G67/><T132/><D42/><U8/><E8/><V39/><F39/><W124/><G64/><T82/><D132/><U128/><E128/><V9/><F9/><W98/><G124/><T121/><D131/><U30/><E30/><N who="3" m="11882" /><G5/><T119/><D72/><U47/><E47/><V90/><F90/><AGARI ba="0,1" hai="11,15,19,45,50,55,90,91,93,98,101" m="11882" machi="90" ten="30,2900,0" yaku="8,1,52,1" doraHai="97" who="3" fromWho="2" sc="110,0,384,0,356,-29,140,39" /><INIT seed="3,1,0,2,3,44" ten="110,384,327,179" oya="3" hai0="86,28,125,35,96,89,12,128,3,79,68,109,32" hai1="2,118,63,5,91,18,58,41,39,122,13,134,38" hai2="73,65,82,59,120,31,30,14,104,99,70,77,53" hai3="116,8,108,57,102,71,34,19,69,103,23,135,43"/><W74/><G116/><T11/><D68/><U106/><E106/><V54/><F120/><W10/><G74/><T16/><D109/><U114/><E122/><V24/><F14/><W113/><G113/><T47/><D47/><U51/><E91/><V42/><F42/><W80/><G34/><T76/><D125/><U40/><E114/><V105/><F70/><W78/><G71/><T121/><D121/><U97/><E97/><V36/><F36/><W115/><G115/><T95/><D128/><U132/><E118/><V133/><F133/><N who="1" m="51305" /><E51/><V21/><F31/><W72/><G69/><T56/><D56/><U130/><E130/><V50/><F54/><W85/><G43/><N who="1" m="16458" /><E63/><V84/><F73/><W67/><G135/><T107/><D32/><U92/><E92/><V127/><F127/><W29/><G108/><T131/><D131/><U112/><E58/><V26/><F105/><W48/><G72/><T49/><D49/><U15/><E112/><V25/><F104/><W0/><G0/><T7/><D35/><U9/><E13/><V46/><F99/><W1/><G1/><T52/><D52/><U64/><E64/><V110/><F110/><W111/><G111/><T27/><D28/><U123/><E123/><V87/><F87/><W100/><G29/><T88/><D107/><U83/><E83/><V61/><AGARI ba="1,0" hai="21,24,25,26,30,46,50,53,59,61,65,77,82,84" machi="61" ten="30,4000,0" yaku="0,1,8,1,52,1" doraHai="44" who="2" fromWho="2" sc="110,-11,384,-11,327,43,179,-21" /><INIT seed="4,0,0,3,0,49" ten="99,373,370,158" oya="0" hai0="12,86,76,15,75,104,51,10,91,60,33,97,118" hai1="42,101,106,89,19,92,36,2,129,123,16,27,7" hai2="8,107,62,20,108,24,109,115,117,6,39,28,79" hai3="88,25,46,29,82,90,127,119,67,70,4,1,14"/><T57/><D118/><U23/><E123/><V87/><F107/><W85/><G119/><T102/><D33/><U66/><E66/><V44/><F39/><W96/><G127/><T59/><D75/><U122/><E122/><V47/><F62/><W134/><G134/><T95/><D76/><U124/><E124/><V94/><F79/><W126/><G126/><T32/><D32/><U0/><E129/><V30/><F94/><W58/><G70/><T31/><D31/><N who="2" m="11818" /><F87/><W73/><G73/><T78/><D78/><U55/><E55/><V121/><F121/><W84/><G1/><T54/><REACH who="0" step="1"/><D10/><REACH who="0" ten="89,373,370,158" step="2"/><N who="1" m="2407" /><E2/><N who="2" m="87" /><F117/><W113/><G113/><T83/><D83/><U132/><E132/><V112/><F47/><W21/><G4/><T103/><D103/><U63/><E101/><V133/><F44/><W37/><G37/><T93/><D93/><U3/><E92/><V68/><F68/><W38/><G38/><T41/><D41/><U17/><E3/><V111/><F133/><W116/><G116/><T77/><D77/><U100/><E89/><V26/><F20/><W56/><G21/><T135/><D135/><U72/><E72/><V81/><F81/><W105/><G82/><T71/><D71/><U53/><E100/><V114/><AGARI ba="0,1" hai="24,26,108,109,111,112,114,115" m="87,11818" machi="114" ten="40,5200,0" yaku="15,1,34,2" doraHai="49" who="2" fromWho="2" sc="89,-26,373,-13,370,62,158,-13" /><INIT seed="5,0,0,5,1,95" ten="63,360,432,145" oya="1" hai0="83,3,124,109,42,15,112,121,126,76,8,85,98" hai1="111,35,82,7,120,68,90,47,86,32,62,30,57" hai2="87,49,25,93,50,43,36,107,103,56,18,69,12" hai3="130,65,66,73,81,106,133,99,75,1,61,6,92"/><U34/><E47/><V129/><F129/><W27/><G130/><T10/><D109/><U44/><E120/><V127/><F127/><W20/><G133/><T132/><D132/><U102/><E102/><V0/><F0/><W96/><G106/><T13/><D112/><U31/><E44/><V17/><F107/><W97/><G1/><T70/><D70/><U52/><E68/><V125/><F69/><W33/><G33/><T37/><D121/><U5/><REACH who="1" step="1"/><E111/><REACH who="1" ten="63,350,432,145" step="2"/><V48/><F36/><W118/><G118/><T54/><D124/><U11/><E11/><N who="2" m="6303" /><F125/><W78/><G75/><T131/><D126/><U67/><E67/><V41/><F56/><W104/><G66/><T60/><D131/><U77/><E77/><V108/><F108/><W134/><G134/><T19/><D3/><U45/><E45/><V123/><F123/><W28/><G104/><T114/><D37/><U39/><E39/><V2/><F2/><W79/><G78/><T88/><D42/><U24/><E24/><V101/><F101/><W116/><G116/><T105/><D114/><U58/><E58/><V55/><F103/><W115/><G115/><T128/><D128/><U94/><E94/><V29/><F55/><W80/><G79/><T14/><D105/><U122/><E122/><V110/><F110/><W4/><G73/><T89/><D60/><U40/><E40/><V117/><F117/><W51/><G92/><T23/><D54/><U38/><E38/><V26/><F26/><W59/><G51/><T9/><D89/><U91/><E91/><V113/><F113/><W72/><G72/><RYUUKYOKU ba="0,1" sc="63,10,350,10,432,-30,145,10" hai0="8,9,10,13,14,15,19,23,76,83,85,88,98" hai1="5,7,30,31,32,34,35,52,57,62,82,86,90" hai3="4,6,20,27,28,59,61,65,80,81,96,97,99" /><INIT seed="5,1,1,4,1,135" ten="73,360,402,155" oya="1" hai0="94,6,40,61,79,50,104,8,16,111,113,117,93" hai1="120,125,31,41,123,38,130,19,102,106,9,42,35" hai2="121,88,13,48,86,37,28,58,75,24,66,63,20" hai3="23,36,30,62,18,29,26,131,52,126,109,128,84"/><U39/><E9/><V77/><F37/><W101/><G109/><T92/><D111/><U22/><E130/><N who="3" m="49706" /><G36/><T34/><D34/><U32/><E125/><V110/><F110/><W4/><G126/><T2/><D117/><U46/><E19/><N who="2" m="10351" /><F121/><N who="1" m="46665" /><E22/><N who="2" m="15383" /><F75/><W129/><G84/><T133/><D133/><U43/><E31/><N who="3" m="11786" /><G101/><T124/><D124/><U17/><E17/><V27/><F27/><W11/><N who="3" m="49714" /><W90/><DORA hai="107" /><G90/><T53/><D113/><U71/><E71/><V68/><F68/><W70/><G70/><T97/><D104/><U122/><N who="1" m="46673" /><U0/><DORA hai="69" /><E0/><V119/><F119/><W12/><G62/><T73/><D73/><U108/><E108/><V99/><F99/><W5/><G52/><T47/><D97/><N who="1" m="61775" /><E43/><V98/><F98/><W45/><G45/><AGARI ba="1,1" hai="32,35,38,39,41,42,45,46" m="61775,46673" machi="45" ten="40,7700,0" yaku="23,1,52,2" doraHai="135,107,69" who="1" fromWho="3" sc="73,0,360,90,402,0,155,-80" /><INIT seed="5,2,0,4,3,133" ten="73,450,402,75" oya="1" hai0="22,119,35,87,45,84,47,114,21,24,29,63,88" hai1="37,17,115,100,33,50,14,83,128,80,118,121,62" hai2="110,19,65,12,103,86,26,51,18,48,134,94,7" hai3="39,66,124,132,3,59,54,101,112,41,79,28,126"/><U34/><E118/><V16/><F134/><W46/><G3/><T53/><D119/><U93/><E121/><V72/><F110/><W32/><G79/><T10/><D114/><U89/><E115/><V127/><F127/><N who="3" m="48683" /><G101/><T70/><D70/><U43/><E128/><V131/><F131/><W74/><G132/><T82/><D10/><N who="1" m="6359" /><E34/><V30/><F72/><W111/><G74/><T44/><D63/><U105/><E33/><V11/><F65/><W15/><G111/><T49/><REACH who="0" step="1"/><D84/><REACH who="0" ten="63,450,402,75" step="2"/><N who="1" m="52391" /><E62/><V102/><F30/><W91/><G112/><T9/><D9/><U95/><E105/><V8/><F26/><N who="3" m="18455" /><G66/><T40/><D40/><U25/><E37/><V108/><F108/><W67/><G91/><T92/><D92/><U69/><E69/><V71/><F71/><W5/><G67/><T107/><D107/><U99/><E25/><V55/><F11/><N who="3" m="4591" /><G59/><AGARI ba="2,1" hai="21,22,24,29,35,44,45,47,49,53,59,82,87,88" machi="59" ten="40,2600,0" yaku="1,1,54,1,53,0" doraHai="133" doraHaiUra="90" who="0" fromWho="3" sc="63,42,450,0,402,0,75,-32" /><INIT seed="6,0,0,5,5,116" ten="105,450,402,43" oya="2" hai0="45,59,15,18,41,66,10,118,53,91,36,47,60" hai1="34,132,37,71,72,49,90,100,46,64,101,20,73" hai2="62,96,4,106,84,57,24,39,123,122,127,65,93" hai3="67,26,126,102,108,82,23,117,110,51,119,114,76"/><V0/><F127/><W8/><G67/><T58/><D118/><N who="3" m="45065" /><G51/><T54/><D91/><U14/><E132/><V44/><F84/><W128/><G126/><T13/><D13/><U107/><E34/><V98/><F98/><W120/><G120/><N who="2" m="46121" /><F93/><W80/><G102/><T70/><D18/><U19/><E37/><V5/><F5/><W113/><G8/><T121/><D15/><U78/><E107/><V63/><F63/><W3/><G3/><T77/><D10/><U43/><E71/><N who="2" m="42423" /><F106/><W81/><G23/><T6/><D6/><U92/><E78/><V22/><F96/><W112/><G26/><T125/><D77/><U48/><E48/><V133/><F22/><W38/><G38/><T134/><D121/><U104/><E64/><V25/><F24/><W89/><G128/><T31/><D31/><U55/><E104/><V32/><F57/><N who="0" m="21514" /><D125/><U33/><E33/><V83/><F83/><N who="3" m="31819" /><G89/><T2/><D2/><U52/><E55/><N who="0" m="21001" /><D134/><U129/><E129/><V69/><F133/><W97/><G97/><T85/><D85/><AGARI ba="0,0" hai="76,82,85,108,110,112,113,114" m="31819,45065" machi="85" ten="40,8000,1" yaku="15,1,11,1,34,2" doraHai="116" who="3" fromWho="0" sc="105,-80,450,0,402,0,43,80" /><INIT seed="7,0,0,2,0,20" ten="25,450,402,123" oya="3" hai0="50,77,99,86,69,13,118,129,127,109,27,15,115" hai1="22,45,90,98,53,103,134,95,0,135,85,92,6" hai2="71,78,64,35,79,28,122,126,72,60,30,125,68" hai3="48,24,120,132,67,101,97,104,117,43,1,74,130"/><W8/><G117/><T7/><D13/><U70/><E70/><N who="2" m="26667" /><F60/><W81/><G120/><T62/><D15/><U116/><E22/><V31/><F64/><W65/><G130/><T2/><D50/><N who="1" m="28879" /><E116/><V108/><F108/><W37/><G132/><N who="1" m="50730" /><E0/><V100/><F100/><W33/><G37/><T40/><D62/><U47/><E47/><V18/><F18/><W84/><G74/><T36/><D86/><U88/><E90/><V29/><N who="2" m="7680" /><DORA hai="89" /><V57/><F57/><W58/><G33/><T32/><D99/><U73/><E73/><V4/><F4/><AGARI ba="0,0" hai="4,6,85,88,92,95,98,103" m="50730,28879" machi="4" ten="30,7700,0" yaku="20,1,52,2,54,1" doraHai="20,89" who="1" fromWho="2" sc="25,0,450,77,402,-77,123,0" owari="25,-47,527,62,325,13,123,-28" /></mjloggm>