<mjloggm ver="2.3"><GO type="137" lobby="0"/><UN n0="%E7%95%99%E8%90%8C" n1="%4D%72%2E%59%41" n2="%E5%B1%B1%E6%B3%95%E5%B8%AB" n3="%48%6F%72%34%6E%33%35%38" dan="12,12,12,11" rate="1607.15,1687.50,1584.26,1555.68" sx="M,M,F,M"/><TAIKYOKU oya="0"/><INIT seed="0,0,0,5,1,106" ten="250,250,250,250" oya="0" hai0="32,27,91,75,4,126,54,88,50,12,37,31,9" hai1="114,52,59,39,26,124,122,6,83,121,68,74,51" hai2="78,90,14,123,118,44,20,62,42,5,15,36,47" hai3="49,34,46,17,119,58,23,69,127,3,65,7,110"/><T11/><D37/><U53/><E6/><V41/><F123/><W104/><G119/><T56/><D126/><U61/><E26/><V120/><F120/><W19/><G104/><T66/><D75/><U130/><E83/><V112/><F118/><W73/><G69/><T45/><D11/><U100/><E100/><V134/><F112/><W96/><G96/><T103/><D103/><U92/><E92/><V18/><F134/><W25/><G34/><T111/><D111/><U93/><E93/><V102/><F102/><W132/><G132/><T131/><D131/><U95/><E95/><V129/><F129/><W89/><G89/><T98/><D98/><U40/><E130/><V97/><F78/><W21/><G127/><T76/><D76/><U86/><E124/><V30/><F62/><W82/><G110/><T55/><REACH who="0" step="1"/><D66/><REACH who="0" ten="240,250,250,250" step="2"/><U24/><E74/><V115/><F97/><W135/><G135/><T10/><D10/><U133/><E122/><V87/><F115/><W22/><G73/><T29/><D29/><U113/><E86/><V72/><F30/><W64/><G82/><T13/><D13/><U128/><E121/><V16/><F72/><W48/><G65/><T101/><D101/><U60/><E128/><V71/><F5/><W117/><G64/><T84/><D84/><U67/><E133/><V28/><F28/><W80/><G80/><T63/><AGARI ba="0,1" hai="4,9,12,27,31,32,45,50,54,55,56,63,88,91" machi="63" ten="20,7800,0" yaku="1,1,0,1,7,1,54,1,53,0" doraHai="106" doraHaiUra="70" who="0" fromWho="0" sc="240,88,250,-26,250,-26,250,-26" /><INIT seed="0,1,0,0,0,110" ten="328,224,224,224" oya="0" hai0="107,44,129,49,95,78,87,99,92,29,128,31,43" hai1="63,70,112,118,23,30,76,4,1,7,26,10,58" hai2="135,8,17,82,64,94,46,113,11,77,73,0,71" hai3="97,22,117,132,96,91,57,86,105,98,120,56,50"/><T25/><D107/><U14/><E118/><V126/><F94/><N who="0" m="35882" /><D99/><U18/><E70/><V3/><F17/><W66/><G117/><T40/><D40/><U61/><E76/><V101/><F101/><W106/><G132/><T89/><D78/><U47/><E47/><V37/><F135/><W19/><G57/><T32/><D32/><U133/><E133/><V134/><F134/><W79/><G79/><T108/><D108/><U72/><E72/><V67/><F67/><W41/><G120/><T114/><D114/><U123/><E123/><V28/><F126/><W27/><G41/><T48/><D48/><U75/><E75/><V88/><F88/><W122/><G122/><T39/><D39/><U38/><E38/><V36/><F28/><W83/><G66/><T127/><D127/><U115/><E4/><N who="2" m="1031" /><F46/><W90/><REACH who="3" step="1"/><G90/><REACH who="3" ten="328,224,224,214" step="2"/><T20/><D89/><U103/><E103/><V42/><F42/><W34/><G34/><T53/><D87/><U52/><REACH who="1" step="1"/><E63/><REACH who="1" ten="328,214,224,214" step="2"/><N who="2" m="40351" /><F113/><W13/><G13/><T69/><D69/><U102/><E102/><V124/><F124/><W6/><G6/><AGARI ba="1,2" hai="3,6,11,36,37,73,77,82" m="40351,1031" machi="6" ten="30,2000,0" yaku="33,2" doraHai="110" who="2" fromWho="3" sc="328,0,214,0,224,43,214,-23" /><INIT seed="1,0,0,3,4,19" ten="328,214,267,191" oya="1" hai0="23,29,134,127,50,16,116,61,124,6,71,66,55" hai1="17,94,24,98,42,3,110,72,122,27,26,49,109" hai2="114,41,43,60,1,35,86,115,130,4,105,108,0" hai3="67,103,73,70,82,51,46,65,69,81,118,5,121"/><U62/><E122/><V79/><F105/><W102/><G121/><T126/><D116/><U84/><E72/><V97/><F130/><W28/><G118/><T83/><D134/><U36/><E36/><V104/><F35/><W32/><G73/><T15/><D6/><U53/><E3/><V88/><F108/><N who="1" m="41577" /><E42/><V76/><F60/><W135/><G135/><T112/><D112/><N who="2" m="43050" /><F4/><W89/><G32/><T125/><N who="0" m="32256" /><DORA hai="119" /><T133/><D133/><U20/><E84/><V45/><F104/><W8/><G5/><T57/><D83/><U44/><E62/><V21/><F97/><W85/><G85/><T33/><D33/><U52/><E53/><V77/><F45/><W37/><G37/><T14/><REACH who="0" step="1"/><D29/><REACH who="0" ten="318,214,267,191" step="2"/><U18/><E18/><V80/><F21/><W56/><G28/><T13/><AGARI ba="0,1" hai="13,14,15,16,23,50,55,57,61,66,71" m="32256" machi="13" ten="60,12000,2" yaku="1,1,2,1,0,1,18,1,52,1,54,1,53,1" doraHai="19,119" doraHaiUra="90,64" who="0" fromWho="0" sc="318,130,214,-60,267,-30,191,-30" /><INIT seed="2,0,0,4,0,77" ten="448,154,237,161" oya="2" hai0="70,56,76,122,89,16,105,23,49,84,14,88,102" hai1="93,48,104,7,34,37,45,85,30,51,74,99,96" hai2="13,130,108,123,32,79,87,21,64,22,61,19,135" hai3="59,81,124,12,55,116,25,40,58,126,90,47,118"/><V10/><F135/><W129/><G129/><T120/><D70/><U128/><E128/><V46/><F123/><W100/><G100/><T20/><D122/><U0/><E74/><V98/><F130/><W50/><G59/><T57/><D120/><U17/><E30/><V35/><F108/><W101/><G101/><T33/><D33/><U114/><E34/><V27/><F46/><W18/><G25/><T113/><D113/><U134/><E114/><V29/><F98/><W107/><G107/><T68/><D68/><U125/><E125/><V6/><F87/><N who="3" m="50543" /><G18/><T95/><D76/><U121/><E134/><V67/><F79/><W42/><G42/><T44/><D89/><U38/><E96/><V71/><REACH who="2" step="1"/><F67/><REACH who="2" ten="448,154,227,161" step="2"/><W131/><G131/><T63/><D105/><U73/><E121/><V72/><F72/><W92/><G92/><T83/><D102/><U53/><E73/><V54/><F54/><W91/><G91/><T75/><D75/><U52/><E104/><V132/><F132/><W82/><G116/><T39/><D95/><U109/><E85/><V2/><AGARI ba="0,1" hai="2,6,10,13,19,21,22,27,29,32,35,61,64,71" machi="2" ten="20,7800,0" yaku="1,1,0,1,7,1,53,1" doraHai="77" doraHaiUra="9" who="2" fromWho="2" sc="448,-26,154,-26,227,88,161,-26" /><INIT seed="2,1,0,0,0,91" ten="422,128,315,135" oya="2" hai0="98,109,10,22,116,85,29,82,111,112,101,61,7" hai1="108,48,124,1,54,80,9,119,133,114,49,56,44" hai2="77,93,72,104,20,131,34,99,123,115,66,51,26" hai3="42,84,126,73,6,52,5,134,78,94,81,31,95"/><V47/><F115/><W37/><G37/><T122/><D112/><U55/><E119/><V19/><F123/><W39/><G39/><T40/><D122/><U118/><E114/><V46/><F131/><W117/><G117/><T64/><D40/><U125/><E118/><V107/><F66/><W0/><G0/><T17/><D116/><U57/><E80/><V69/><F69/><W28/><G73/><T50/><D50/><U62/><E9/><V110/><F110/><N who="0" m="41994" /><D64/><N who="1" m="38983" /><E1/><V8/><F8/><W90/><G42/><T128/><D61/><U71/><E108/><V96/><F34/><W14/><G134/><T132/><D132/><U68/><E133/><V63/><F63/><W11/><G5/><T30/><D128/><U65/><E65/><V105/><F51/><W79/><G126/><AGARI ba="1,0" hai="44,48,49,54,55,57,68,71,124,125,126" m="38983" machi="126" ten="30,3900,0" yaku="18,1,34,2" doraHai="91" who="1" fromWho="3" sc="422,0,128,42,315,0,135,-42" /><INIT seed="3,0,0,2,1,56" ten="422,170,315,93" oya="3" hai0="93,129,68,35,75,67,109,7,112,18,34,36,106" hai1="6,74,77,125,41,23,123,70,27,89,69,22,98" hai2="94,122,107,14,88,119,16,115,124,4,132,20,47" hai3="71,8,17,72,59,43,53,133,102,55,62,29,95"/><W51/><G72/><T61/><D36/><U39/><E123/><V76/><F122/><W81/><G29/><T19/><D106/><U21/><E6/><V3/><F119/><W99/><G133/><T45/><D75/><U46/><E77/><V117/><F115/><W48/><G43/><T121/><D121/><U131/><E74/><V58/><F117/><W100/><G81/><T42/><D112/><U92/><E27/><V118/><F118/><W13/><G71/><T126/><D109/><U30/><E30/><V38/><F124/><W120/><G120/><T1/><D126/><U79/><E125/><V91/><F132/><W31/><G31/><T103/><D129/><U87/><REACH who="1" step="1"/><E131/><REACH who="1" ten="422,160,315,93" step="2"/><V130/><F130/><W80/><G80/><AGARI ba="0,1" hai="21,22,23,39,41,46,69,70,79,80,87,89,92,98" machi="80" ten="40,2600,0" yaku="1,1,2,1,53,0" doraHai="56" doraHaiUra="60" who="1" fromWho="3" sc="422,0,160,36,315,0,93,-26" /><INIT seed="4,0,0,0,3,120" ten="422,196,315,67" oya="0" hai0="47,43,100,83,98,116,91,126,65,76,39,36,62" hai1="2,119,22,23,92,94,38,10,56,49,4,93,3" hai2="117,74,7,44,106,63,42,48,30,101,79,31,26" hai3="18,66,32,12,19,9,114,45,6,77,133,71,127"/><T59/><D116/><U11/><E119/><V54/><F117/><W68/><G32/><T21/><D126/><U124/><E124/><V58/><F7/><W67/><G127/><T33/><D33/><U104/><E104/><V27/><F74/><W108/><G108/><T57/><D36/><U34/><E34/><V55/><F79/><W25/><G77/><T13/><D59/><U52/><REACH who="1" step="1"/><E38/><REACH who="1" ten="422,186,315,67" step="2"/><V85/><F101/><W72/><G72/><T53/><D39/><U135/><E135/><V125/><F106/><W102/><G114/><T134/><D134/><U8/><E8/><V81/><F125/><W14/><G102/><T132/><D132/><U17/><E17/><V5/><F5/><AGARI ba="0,1" hai="2,3,4,5,10,11,22,23,49,52,56,92,93,94" machi="5" ten="40,8000,1" yaku="1,1,9,1,54,1,53,2" doraHai="120" doraHaiUra="16" who="1" fromWho="2" sc="422,0,186,90,315,-80,67,0" /><INIT seed="5,0,0,0,2,124" ten="422,276,235,67" oya="1" hai0="126,57,45,128,83,46,13,58,88,110,47,19,112" hai1="86,30,105,4,94,92,33,31,41,76,28,8,37" hai2="51,106,85,123,91,122,101,64,55,35,72,68,99" hai3="129,1,107,102,23,66,121,70,89,135,96,118,34"/><U133/><E105/><V20/><F72/><W48/><G1/><T131/><D110/><U90/><E33/><V95/><F35/><W104/><G34/><T75/><D112/><U50/><E133/><V125/><F125/><W114/><G121/><T22/><D126/><U21/><E37/><V38/><F38/><W29/><G118/><T54/><D75/><U80/><E90/><V36/><F36/><W77/><G114/><T7/><D7/><U132/><E132/><V84/><F84/><W130/><G135/><T79/><D79/><U97/><E21/><V62/><REACH who="2" step="1"/><F20/><REACH who="2" ten="422,276,225,67" step="2"/><W100/><G70/><T5/><D22/><U27/><E97/><V39/><F39/><W61/><G77/><T74/><D74/><U56/><E94/><V17/><F17/><W93/><G23/><T127/><D127/><U15/><E92/><V111/><F111/><W108/><G108/><T2/><D2/><U69/><E69/><V87/><F87/><N who="3" m="52415" /><G29/><T115/><D19/><U18/><E31/><V49/><F49/><W134/><G134/><T11/><D115/><U0/><E30/><V14/><F14/><W63/><G48/><N who="0" m="30919" /><D58/><AGARI ba="0,1" hai="51,55,58,62,64,68,85,91,95,99,101,106,122,123" machi="58" ten="30,2000,0" yaku="1,1,7,1,53,0" doraHai="124" doraHaiUra="25" who="2" fromWho="0" sc="422,-20,276,0,225,30,67,0" /><INIT seed="6,0,0,5,3,96" ten="402,276,255,67" oya="2" hai0="12,0,33,69,119,130,21,97,122,85,60,134,124" hai1="55,8,40,99,39,66,106,7,92,94,74,53,102" hai2="70,89,65,93,20,75,86,90,81,58,30,23,61" hai3="128,132,44,27,57,37,32,16,26,51,62,2,5"/><V118/><F118/><W11/><G37/><T35/><D122/><U111/><E74/><V19/><F30/><W25/><G132/><T54/><D0/><U129/><E111/><V76/><F90/><W125/><G128/><T31/><D119/><U109/><E129/><V3/><F3/><W67/><G125/><T50/><D130/><U83/><E83/><V126/><F126/><W13/><G32/><T77/><D124/><U18/><E109/><V46/><F46/><W79/><G79/><T105/><D134/><U114/><E66/><V45/><F45/><W47/><G47/><T135/><D135/><U38/><E40/><V87/><F75/><W133/><G133/><T63/><D69/><U73/><E73/><V98/><F98/><W4/><G4/><T17/><D105/><U120/><E39/><V43/><F43/><W52/><REACH who="3" step="1"/><G27/><REACH who="3" ten="402,276,255,57" step="2"/><T29/><D35/><U84/><E38/><V9/><REACH who="2" step="1"/><F70/><REACH who="2" ten="402,276,245,57" step="2"/><W82/><G82/><T41/><D33/><U103/><E120/><V112/><F112/><W14/><G14/><AGARI ba="0,2" hai="9,14,19,20,23,58,61,65,76,81,86,87,89,93" machi="14" ten="40,12000,1" yaku="1,1,8,1,53,2" doraHai="96" doraHaiUra="80" who="2" fromWho="3" sc="402,0,276,0,245,140,57,-120" owari="402,49,276,-12,385,19,-63,-56" /></mjloggm>