<mjloggm ver="2.3"><GO type="137" lobby="0"/><UN n0="%E5%A4%B1%E6%A5%BD%E5%9C%92%E3%82%AD%E3%83%A3%E3%83%B3%E3%83%91%E3%82%B9" n1="%E2%80%A0%E6%A5%93%E2%80%A1" n2="%E5%B3%B6%E5%A8%98%2D%33%30" n3="%E7%95%99%E8%90%8C" dan="10,13,10,12" rate="1380.38,1769.39,1641.71,1582.03" sx="M,M,M,M"/><TAIKYOKU oya="0"/><INIT seed="0,0,0,5,1,7" ten="250,250,250,250" oya="0" hai0="128,135,42,71,27,65,69,94,96,61,14,90,11" hai1="49,35,85,72,126,29,59,10,21,73,120,75,0" hai2="91,74,117,95,41,86,104,130,9,84,46,77,66" hai3="39,5,1,119,67,44,89,100,12,133,106,124,132"/><T6/><D135/><N who="3" m="51785" /><G119/><T81/><D128/><U20/><E120/><V47/><F66/><W68/><G124/><T97/><D71/><U55/><E126/><V93/><F117/><W17/><G89/><T98/><D42/><U63/><E35/><V51/><F104/><W111/><G111/><T107/><D107/><U53/><E29/><V36/><F130/><W113/><G113/><T79/><D27/><U28/><E28/><V101/><F101/><W64/><G17/><T129/><REACH who="0" step="1"/><D129/><REACH who="0" ten="240,250,250,250" step="2"/><U34/><E34/><V40/><F77/><W54/><G106/><T23/><D23/><U33/><E33/><V88/><REACH who="2" step="1"/><F74/><AGARI ba="0,1" hai="6,11,14,61,65,69,74,79,81,90,94,96,97,98" machi="74" ten="30,5800,0" yaku="1,1,7,1,52,1,53,0" doraHai="7" doraHaiUra="45" who="0" fromWho="2" sc="240,68,250,0,250,-58,250,0" /><INIT seed="0,1,0,3,5,106" ten="308,250,192,250" oya="0" hai0="102,105,62,76,94,5,104,79,109,8,67,87,133" hai1="99,23,3,70,129,103,21,24,108,75,41,110,119" hai2="40,69,131,36,115,43,97,101,19,89,81,92,114" hai3="20,95,91,123,128,125,34,35,82,71,126,54,32"/><T46/><D133/><U25/><E119/><V7/><F69/><W39/><G71/><T42/><D109/><U121/><E70/><V13/><F131/><W38/><G123/><T135/><D135/><U74/><E121/><V49/><F36/><N who="3" m="13867" /><G54/><T30/><D105/><U116/><E41/><V56/><F7/><W51/><G51/><T47/><D104/><U59/><E59/><V111/><F111/><N who="1" m="42537" /><E3/><V15/><F115/><W48/><G48/><T132/><D132/><U90/><E90/><V78/><F114/><W12/><G82/><T112/><D112/><U37/><E37/><V100/><F15/><W14/><G128/><T17/><D30/><N who="1" m="17679" /><E129/><V63/><F49/><W117/><G95/><T10/><D94/><N who="1" m="58871" /><E116/><V18/><F43/><W45/><G45/><T58/><D42/><U2/><E2/><V61/><F40/><W96/><G91/><T26/><D102/><U88/><E88/><V27/><F27/><W120/><G96/><T55/><D5/><U107/><E107/><V98/><F98/><W50/><G50/><T52/><D87/><U127/><E127/><N who="3" m="48650" /><G120/><T9/><D79/><U65/><E65/><V28/><F28/><AGARI ba="1,0" hai="23,25,28,74,75" m="58871,17679,42537" machi="28" ten="30,3900,0" yaku="14,1,52,2" doraHai="106" who="1" fromWho="2" sc="308,0,250,42,192,-42,250,0" /><INIT seed="1,0,0,1,0,72" ten="308,292,150,250" oya="1" hai0="59,22,106,34,120,44,55,61,46,29,89,58,63" hai1="70,50,127,33,49,92,133,124,107,116,103,96,26" hai2="118,69,36,35,74,117,84,126,73,119,8,53,100" hai3="71,10,135,81,12,60,113,91,90,115,78,123,32"/><U121/><E121/><V82/><F36/><W94/><G32/><T83/><D120/><U51/><E70/><V52/><F69/><W128/><G123/><T80/><D106/><U65/><E116/><V3/><F35/><W132/><G71/><T21/><D34/><U5/><E65/><V9/><F126/><W112/><G60/><T110/><D110/><U54/><E133/><N who="3" m="51274" /><G12/><T125/><D125/><N who="1" m="48203" /><E5/><V4/><F100/><W25/><G10/><T64/><D29/><N who="1" m="19639" /><E107/><V111/><F111/><W30/><G30/><T75/><D75/><U57/><AGARI ba="0,0" hai="49,50,51,54,57,92,96,103" m="19639,48203" machi="57" ten="30,1500,0" yaku="18,1" doraHai="72" who="1" fromWho="1" sc="308,-5,292,15,150,-5,250,-5" /><INIT seed="1,1,0,2,4,5" ten="303,307,145,245" oya="1" hai0="130,104,122,27,12,115,71,29,99,91,90,60,41" hai1="67,93,64,33,106,101,7,24,8,89,1,96,68" hai2="84,42,47,50,112,46,19,135,40,123,70,58,20" hai3="133,118,39,79,134,61,43,87,3,127,31,94,35"/><U63/><E67/><V45/><F123/><W81/><G3/><T80/><D115/><U66/><E66/><V0/><F0/><W117/><G61/><T18/><D122/><U13/><E13/><V9/><F112/><W128/><G94/><T113/><D113/><U48/><E48/><V36/><F70/><W2/><G2/><T34/><D130/><U132/><E132/><N who="3" m="50794" /><G128/><T108/><D108/><U75/><E75/><V105/><F135/><W107/><G107/><T77/><D41/><U103/><E106/><V4/><F105/><W74/><G87/><T53/><D53/><U85/><E85/><V119/><F119/><N who="3" m="45579" /><G127/><T22/><D77/><U116/><E116/><V16/><F46/><N who="3" m="23935" /><G31/><T109/><D80/><U72/><E72/><V98/><F98/><W52/><G52/><T131/><D131/><U59/><E68/><V6/><F6/><W30/><G30/><T57/><D109/><U124/><E124/><V56/><F84/><W26/><G26/><T97/><D97/><U51/><E51/><V44/><F44/><W126/><G126/><T82/><D82/><U78/><E78/><V11/><F4/><W28/><G28/><T102/><D57/><U73/><E73/><V95/><F95/><W55/><G55/><T38/><D38/><U110/><E110/><V25/><F19/><W17/><G17/><T21/><D34/><AGARI ba="1,0" hai="34,35,74,79,81" m="23935,45579,50794" machi="34" ten="30,3900,0" yaku="20,1,12,1,23,1" doraHai="5" who="3" fromWho="0" sc="303,-42,307,0,145,0,245,42" /><INIT seed="2,0,0,1,3,115" ten="261,307,145,287" oya="2" hai0="65,84,30,90,89,104,44,22,59,72,101,130,99" hai1="34,119,60,129,86,8,57,17,37,68,112,87,134" hai2="107,88,77,15,94,66,58,106,1,51,120,98,80" hai3="36,67,91,97,126,75,131,96,7,105,53,18,109"/><V100/><F120/><W85/><G75/><T12/><D130/><U76/><E112/><V24/><F1/><W25/><G36/><T110/><D110/><U73/><E129/><V121/><F121/><W82/><G7/><T16/><D72/><U132/><E37/><V61/><F107/><W0/><G0/><T93/><D30/><U64/><E34/><V11/><F24/><W102/><G67/><T103/><D44/><U54/><E73/><V41/><F41/><W13/><G25/><T74/><D74/><U23/><E8/><V29/><F29/><W50/><G109/><T71/><D71/><U124/><E124/><V27/><F27/><W125/><G131/><T63/><REACH who="0" step="1"/><D104/><REACH who="0" ten="251,307,145,287" step="2"/><U113/><E113/><V133/><F133/><N who="1" m="51305" /><E76/><V33/><F33/><W52/><G126/><T117/><D117/><U123/><E123/><V78/><F51/><W70/><G125/><T40/><D40/><U62/><E119/><V49/><F49/><W111/><G70/><T14/><D14/><AGARI ba="0,1" hai="14,17,23,54,57,60,62,64,68,86,87" m="51305" machi="14" ten="30,1000,0" yaku="20,1" doraHai="115" who="1" fromWho="0" sc="251,-10,307,20,145,0,287,0" /><INIT seed="3,0,0,0,4,122" ten="241,327,145,287" oya="3" hai0="56,102,47,7,16,108,0,67,74,103,40,50,54" hai1="46,33,6,22,87,34,53,76,36,126,17,96,95" hai2="125,104,119,44,1,3,23,112,129,11,5,134,73" hai3="111,84,38,118,30,58,49,43,68,37,81,55,27"/><W8/><G118/><T35/><D74/><U131/><E6/><V2/><F44/><W99/><G68/><T93/><D35/><U106/><E126/><V70/><F11/><W101/><G111/><T25/><D108/><U63/><E106/><V14/><F14/><W123/><G123/><T100/><D0/><U64/><E131/><V97/><F23/><W92/><G8/><T51/><D7/><U91/><E36/><V12/><F12/><W135/><G135/><T117/><D117/><U86/><E76/><V124/><F5/><W57/><G57/><T28/><D28/><U61/><E34/><V88/><F3/><W62/><G62/><T110/><D110/><U59/><E33/><V80/><F97/><W41/><G38/><T69/><D69/><U77/><E46/><V75/><F75/><W78/><REACH who="3" step="1"/><G37/><REACH who="3" ten="241,327,145,277" step="2"/><T71/><D71/><U130/><E130/><V20/><F119/><W82/><G82/><T10/><D10/><U94/><E77/><V26/><F129/><W121/><G121/><T109/><D109/><U79/><E79/><V29/><F70/><W31/><G31/><T133/><D133/><U83/><E63/><V19/><F29/><W132/><G132/><T32/><D32/><AGARI ba="0,1" hai="27,30,32,41,43,49,55,58,78,81,84,92,99,101" machi="32" ten="30,2900,0" yaku="1,1,7,1,53,0" doraHai="122" doraHaiUra="85" who="3" fromWho="0" sc="241,-29,327,0,145,0,277,39" /><INIT seed="3,1,0,5,1,55" ten="212,327,145,316" oya="3" hai0="17,94,15,47,118,134,20,79,93,14,40,45,96" hai1="11,75,73,61,19,6,85,114,92,76,0,135,56" hai2="106,1,80,101,50,89,126,36,119,131,48,83,30" hai3="86,49,5,70,123,78,12,102,23,27,127,88,26"/><W65/><G123/><T115/><D118/><U34/><E114/><V33/><F119/><W109/><G127/><T35/><D115/><U44/><E34/><V59/><F36/><W74/><G102/><T31/><D134/><U99/><E135/><V60/><F1/><W63/><G49/><T66/><D35/><U112/><E44/><V54/><F126/><W67/><G67/><T132/><D132/><U3/><E3/><V52/><F131/><W58/><G109/><T90/><D79/><U110/><E110/><V62/><F106/><W97/><G70/><T21/><D31/><U38/><E38/><V84/><F101/><W103/><G74/><T129/><D129/><U122/><E122/><V105/><F105/><W91/><G78/><T7/><D40/><U13/><E85/><V117/><F117/><W121/><G121/><T68/><D68/><U57/><E76/><V24/><REACH who="2" step="1"/><F83/><REACH who="2" ten="212,327,135,316" step="2"/><N who="3" m="49247" /><G5/><T22/><D94/><U64/><E112/><V25/><F25/><W72/><G72/><T108/><D108/><U133/><E133/><V81/><F81/><W124/><G124/><T29/><D15/><U16/><E75/><V77/><F77/><W10/><G27/><T100/><D29/><U128/><E73/><V116/><F116/><W2/><G26/><T28/><D28/><U130/><E130/><V71/><F71/><W95/><G2/><T53/><D100/><N who="1" m="60519" /><E0/><V98/><F98/><W51/><G103/><T107/><D107/><U111/><E128/><V43/><F43/><W9/><G23/><T4/><D22/><U42/><E111/><V113/><F113/><RYUUKYOKU ba="1,1" sc="212,-10,327,-10,135,30,316,-10" hai2="24,30,33,48,50,52,54,59,60,62,80,84,89" /><INIT seed="4,2,1,1,2,47" ten="202,317,165,306" oya="0" hai0="16,116,98,34,41,106,79,109,23,87,105,99,117" hai1="123,54,20,77,15,132,1,11,35,67,96,75,50" hai2="121,38,48,70,81,74,100,111,133,134,94,84,31" hai3="85,88,83,58,107,82,24,126,118,25,90,64,135"/><T7/><D109/><U73/><E123/><V62/><F111/><W129/><G118/><T95/><D34/><U69/><E35/><V115/><F121/><W40/><G107/><T53/><D117/><U51/><E132/><N who="2" m="50795" /><F38/><W92/><G135/><T45/><D116/><U28/><E1/><V89/><F74/><W49/><G129/><T29/><D106/><U39/><E39/><V18/><F31/><W86/><G126/><T2/><D105/><U80/><E75/><V125/><F125/><W68/><G68/><T17/><D2/><U113/><E113/><V112/><F18/><N who="0" m="7274" /><D7/><U3/><E3/><V61/><F70/><W30/><G92/><T103/><D41/><U10/><E67/><V59/><F100/><W52/><G30/><T119/><D119/><U5/><E69/><V9/><F9/><W36/><G64/><T57/><D45/><AGARI ba="2,1" hai="24,25,36,40,45,49,52,58,82,83,85,86,88,90" machi="45" ten="40,8000,1" yaku="9,1,52,1,54,2" doraHai="47" who="3" fromWho="0" sc="202,-86,317,0,165,0,306,96" /><INIT seed="5,0,0,3,2,109" ten="116,317,165,402" oya="1" hai0="85,40,123,93,38,20,44,82,1,74,84,23,101" hai1="70,31,52,121,67,102,47,92,66,63,107,120,103" hai2="83,33,37,45,32,62,71,43,28,124,56,27,15" hai3="9,19,89,42,81,129,35,75,29,73,64,49,113"/><U17/><E107/><V88/><F124/><W126/><G64/><T80/><D123/><U134/><E67/><V95/><F83/><W106/><G126/><T96/><D1/><U39/><E134/><V117/><F117/><W105/><G129/><T77/><D82/><U131/><E131/><V2/><F71/><W122/><G122/><T116/><D116/><U135/><E135/><V13/><F2/><W111/><G111/><T18/><D23/><U97/><E103/><V130/><F33/><W46/><G9/><T57/><D57/><U79/><E31/><V128/><F128/><W16/><G113/><T11/><D11/><U14/><E79/><V5/><F5/><W132/><G132/><T36/><D36/><U4/><E4/><V90/><F130/><W54/><G35/><T72/><D72/><U87/><E87/><V69/><F69/><W6/><G6/><T22/><D18/><U110/><E110/><V76/><F76/><W78/><G29/><T26/><D26/><U108/><E108/><V25/><F25/><W21/><G89/><T94/><D85/><U100/><E100/><V3/><F3/><W118/><G73/><T8/><D8/><U58/><E47/><V10/><F10/><W112/><G118/><T99/><REACH who="0" step="1"/><D74/><REACH who="0" ten="106,317,165,402" step="2"/><U104/><E39/><V60/><F56/><W86/><G75/><T133/><D133/><U7/><E7/><V68/><F68/><W50/><G21/><T0/><D0/><U41/><E104/><V55/><F37/><W91/><G106/><T114/><D114/><U24/><E24/><V51/><F27/><RYUUKYOKU ba="0,1" sc="106,30,317,-10,165,-10,402,-10" hai0="20,22,38,40,44,77,80,84,93,94,96,99,101" /><INIT seed="6,1,1,1,5,85" ten="136,307,155,392" oya="2" hai0="40,33,13,92,93,31,38,89,45,77,63,114,100" hai1="97,41,88,122,133,57,25,34,46,101,10,81,22" hai2="125,129,96,95,134,58,23,56,111,44,36,119,118" hai3="78,14,17,35,110,75,82,16,123,49,19,72,18"/><V1/><F1/><W43/><G123/><T15/><D114/><U83/><E122/><V61/><F134/><W27/><G43/><T47/><D77/><U68/><E133/><V2/><F2/><W11/><G110/><T98/><D33/><U70/><E34/><V74/><F74/><W26/><G49/><T128/><D128/><U99/><E70/><V106/><F106/><W105/><G105/><T65/><D31/><U59/><E68/><V30/><F129/><W102/><G102/><T20/><D47/><U5/><E101/><V39/><F111/><W104/><G104/><T127/><D127/><U8/><E46/><V71/><F71/><W62/><G62/><T103/><D20/><U86/><E81/><V3/><F3/><W131/><G131/><T21/><D21/><U121/><E41/><V4/><F125/><W80/><REACH who="3" step="1"/><G35/><REACH who="3" ten="136,307,155,382" step="2"/><T116/><D116/><U42/><E42/><V76/><F119/><W7/><G7/><T87/><REACH who="0" step="1"/><D103/><REACH who="0" ten="126,307,155,382" step="2"/><U60/><E121/><V0/><F118/><W53/><G53/><T112/><D112/><U32/><E32/><V29/><F36/><W115/><G115/><T52/><D52/><N who="1" m="33831" /><E5/><V120/><F39/><W54/><G54/><T9/><D9/><N who="1" m="3691" /><E59/><AGARI ba="1,3" hai="13,15,38,40,45,59,63,65,87,89,92,93,98,100" machi="59" ten="30,7700,0" yaku="1,1,7,1,52,1,53,1" doraHai="85" doraHaiUra="84" who="0" fromWho="1" sc="126,110,307,-80,155,0,382,0" /><INIT seed="7,0,0,0,2,109" ten="236,227,155,382" oya="3" hai0="132,42,73,30,20,47,51,13,112,40,35,8,135" hai1="45,117,123,119,41,79,11,92,89,64,49,76,38" hai2="2,58,93,121,34,4,17,70,10,50,101,127,126" hai3="102,62,130,48,75,44,14,78,37,55,103,116,82"/><W53/><G116/><T104/><D104/><U74/><E123/><V29/><F70/><W26/><G130/><T12/><D73/><U68/><E38/><V69/><F69/><W46/><G26/><T107/><D107/><U105/><E105/><V100/><F100/><W134/><G134/><T54/><D42/><U43/><E74/><V97/><F58/><W87/><G75/><T24/><D40/><U36/><E43/><V72/><F72/><W66/><G14/><T129/><D129/><U71/><E11/><V23/><F50/><N who="3" m="28871" /><G37/><T83/><D83/><U88/><E36/><V15/><REACH who="2" step="1"/><F121/><REACH who="2" ten="236,227,145,382" step="2"/><W56/><AGARI ba="0,1" hai="46,48,55,56,62,66,78,82,87,102,103" m="28871" machi="56" ten="30,1500,0" yaku="8,1" doraHai="109" who="3" fromWho="3" sc="236,-5,227,-5,145,-5,382,25" owari="231,3,222,-18,140,-36,407,51" /></mjloggm>