<mjloggm ver="2.3"><GO type="137" lobby="0"/><UN n0="%5A%41%4E" n1="%E7%95%99%E8%90%8C" n2="%E6%99%82%E5%85%89%E4%B9%8B%E8%BC%AA" n3="%E3%82%8C%E3%81%8A%E3%81%A8%E3%81%BE%E3%81%8A" dan="12,12,11,11" rate="1848.52,1628.90,1708.26,1718.78" sx="M,M,F,M"/><TAIKYOKU oya="0"/><INIT seed="0,0,0,0,4,94" ten="250,250,250,250" oya="0" hai0="66,123,73,9,80,134,59,105,58,96,110,13,65" hai1="79,95,31,74,71,78,87,84,46,130,37,36,56" hai2="97,55,4,17,72,86,125,118,76,93,8,54,45" hai3="69,88,32,132,113,102,63,49,109,124,81,16,23"/><T33/><D123/><U135/><E71/><V47/><F72/><W51/><G32/><T64/><D134/><U92/><E135/><V100/><F125/><W82/><G132/><T5/><D33/><U40/><E74/><V67/><F118/><W111/><G113/><T48/><D110/><U126/><E126/><V53/><F67/><W121/><G102/><T129/><D129/><U10/><E56/><V75/><F75/><W104/><G104/><T24/><D24/><U70/><E70/><V120/><F17/><W14/><G81/><T43/><D73/><U6/><E31/><V61/><F61/><W98/><G82/><T44/><REACH who="0" step="1"/><D80/><REACH who="0" ten="240,250,250,250" step="2"/><U28/><E28/><V35/><F35/><W62/><G124/><T25/><D25/><U22/><E78/><V42/><F120/><W114/><G114/><T12/><D12/><U115/><E115/><V11/><F76/><W20/><G121/><T99/><D99/><U127/><E79/><V122/><F122/><W57/><G69/><T112/><D112/><U18/><E127/><V29/><F29/><W1/><G1/><T85/><D85/><N who="1" m="32843" /><E130/><V83/><F83/><W26/><G111/><T15/><D15/><N who="1" m="5591" /><E36/><V133/><F86/><W77/><G77/><T38/><D38/><U7/><E7/><V34/><F34/><W131/><G131/><T41/><D41/><U60/><E37/><N who="2" m="21711" /><F133/><W68/><G109/><T50/><D50/><N who="3" m="18953" /><G68/><T19/><D19/><U0/><E40/><V3/><F3/><W128/><G128/><T101/><AGARI ba="0,1" hai="5,9,13,43,44,48,58,59,64,65,66,96,101,105" machi="101" ten="30,11700,0" yaku="1,1,0,1,52,1,53,1" doraHai="94" doraHaiUra="2" who="0" fromWho="0" sc="240,127,250,-39,250,-39,250,-39" /><INIT seed="0,1,0,2,5,116" ten="367,211,211,211" oya="0" hai0="5,47,125,22,108,103,134,58,15,131,20,100,66" hai1="101,35,17,87,126,105,41,85,50,34,109,114,27" hai2="98,64,115,16,67,36,31,104,1,28,128,43,56" hai3="80,57,92,83,122,49,81,8,52,120,26,70,40"/><T133/><D125/><U12/><E126/><V102/><F115/><W89/><G70/><T86/><D131/><U135/><E105/><V106/><F1/><W18/><G40/><T11/><D108/><U96/><E114/><V121/><F128/><W13/><REACH who="3" step="1"/><G26/><REACH who="3" ten="367,211,211,201" step="2"/><T72/><D133/><U97/><E135/><V65/><F43/><W24/><G24/><T42/><D134/><U60/><E109/><V111/><F111/><W45/><G45/><T93/><D47/><U118/><E118/><V9/><F36/><W53/><G53/><T76/><D42/><U29/><E35/><V10/><F56/><W124/><G124/><T77/><D58/><U62/><E101/><V69/><F69/><W14/><G14/><T7/><D15/><U78/><E41/><V95/><F104/><W127/><G127/><T68/><D68/><U71/><E71/><V129/><F106/><W6/><G6/><T90/><D5/><U21/><E50/><V23/><F129/><W61/><G61/><T117/><D117/><U3/><E3/><V25/><REACH who="2" step="1"/><F121/><REACH who="2" ten="367,211,201,201" step="2"/><W46/><G46/><T51/><D7/><U123/><E123/><V54/><F54/><W75/><G75/><T84/><D72/><U99/><REACH who="1" step="1"/><E78/><REACH who="1" ten="367,201,201,201" step="2"/><V74/><F74/><W30/><G30/><AGARI ba="1,3" hai="9,10,16,23,25,28,30,31,64,65,67,95,98,102" machi="30" ten="40,8000,1" yaku="1,1,8,1,54,1,53,1" doraHai="116" doraHaiUra="19" who="2" fromWho="3" sc="367,0,201,0,201,113,201,-83" /><INIT seed="1,0,0,5,1,134" ten="367,201,314,118" oya="1" hai0="31,6,129,59,100,126,49,23,29,40,104,52,33" hai1="92,108,122,46,67,128,116,35,47,132,115,83,88" hai2="69,123,58,76,114,75,30,45,106,68,0,63,74" hai3="93,98,87,28,54,56,53,80,110,64,32,99,121"/><U127/><E122/><V57/><F123/><W36/><G121/><T113/><D113/><U51/><E116/><V34/><F0/><W38/><G110/><T62/><D33/><U82/><E115/><V50/><F114/><W65/><G32/><T14/><D129/><U66/><E108/><V24/><F106/><W109/><G109/><T72/><D72/><U43/><E132/><V120/><F120/><W10/><G28/><T42/><D126/><U96/><E35/><V103/><F103/><W15/><G38/><T97/><D40/><U89/><E127/><V37/><F37/><W131/><G36/><T79/><D79/><U44/><E128/><V135/><F135/><W60/><G53/><T22/><D22/><U105/><E105/><V84/><F84/><W26/><G26/><T78/><D78/><U107/><E107/><V119/><F119/><W102/><G99/><T16/><REACH who="0" step="1"/><D6/><REACH who="0" ten="357,201,314,118" step="2"/><U41/><E41/><N who="2" m="24879" /><F76/><N who="3" m="46471" /><G131/><T1/><D1/><U11/><E11/><V124/><F124/><W27/><G27/><T95/><D95/><U85/><REACH who="1" step="1"/><E82/><REACH who="1" ten="357,191,314,118" step="2"/><V91/><F34/><W21/><G21/><T39/><D39/><U77/><E77/><V20/><F75/><W125/><G125/><T9/><D9/><U3/><E3/><V55/><F74/><W17/><AGARI ba="0,2" hai="10,15,17,54,56,60,64,65,93,98,102" m="46471" machi="17" ten="30,1100,0" yaku="8,1" doraHai="134" who="3" fromWho="3" sc="357,-3,191,-5,314,-3,118,31" /><INIT seed="2,0,0,1,3,30" ten="354,186,311,149" oya="2" hai0="10,98,125,74,120,12,97,32,6,96,64,52,15" hai1="44,21,76,134,16,57,104,105,23,123,33,62,118" hai2="119,80,130,117,122,110,4,59,89,45,40,84,42" hai3="72,129,54,132,111,35,48,108,29,127,61,107,24"/><V60/><F122/><W91/><G127/><T126/><D120/><U49/><E118/><V65/><F130/><W82/><G129/><T20/><D74/><U9/><E123/><V19/><F110/><W99/><G132/><T124/><D64/><U83/><E134/><V86/><F4/><W121/><G121/><T51/><D32/><U77/><E105/><V131/><F131/><W135/><G135/><T53/><D51/><U26/><E104/><V95/><F19/><AGARI ba="0,0" hai="6,10,12,15,19,20,52,53,96,97,98,124,125,126" machi="19" ten="50,3200,0" yaku="18,1,54,1" doraHai="30" who="0" fromWho="2" sc="354,32,186,0,311,-32,149,0" /><INIT seed="3,0,0,3,5,30" ten="386,186,279,149" oya="3" hai0="12,77,109,108,36,76,95,129,22,59,111,75,84" hai1="134,16,47,2,79,90,89,133,97,124,27,53,8" hai2="71,119,44,127,64,110,3,88,42,4,43,41,37" hai3="100,11,18,20,63,122,49,0,31,14,9,66,28"/><W126/><G122/><T107/><D107/><U94/><E79/><V45/><F119/><W23/><G100/><T69/><D69/><U70/><E70/><V78/><F110/><W121/><G121/><T92/><D36/><U132/><E124/><V58/><F127/><W105/><G105/><T116/><D59/><U135/><E89/><V52/><F78/><N who="0" m="30314" /><D75/><U19/><E2/><V10/><F88/><W1/><G126/><T102/><D116/><U25/><N who="1" m="34304" /><DORA hai="118" /><U96/><E53/><V24/><F24/><N who="1" m="9289" /><E47/><V15/><F3/><N who="3" m="1099" /><G49/><T103/><D129/><U21/><E8/><N who="3" m="3146" /><G63/><T81/><D12/><N who="1" m="9351" /><E19/><V112/><F44/><W106/><G66/><T55/><D55/><U6/><E6/><V35/><F42/><W98/><G98/><AGARI ba="0,0" hai="90,94,96,97,98" m="9351,9289,34304" machi="98" ten="60,3900,0" yaku="20,1,54,1" doraHai="30,118" who="1" fromWho="3" sc="386,0,186,39,279,0,149,-39" /><INIT seed="4,0,0,5,0,28" ten="386,225,279,110" oya="0" hai0="47,101,73,23,54,68,36,17,93,116,52,99,128" hai1="130,74,76,35,80,82,94,46,55,115,1,95,18" hai2="33,135,124,69,98,31,40,85,121,81,62,43,114" hai3="84,107,60,71,133,66,91,100,4,89,118,10,48"/><T131/><D116/><U14/><E1/><V0/><F121/><W11/><G118/><T27/><D68/><U19/><E35/><V126/><F114/><W77/><G133/><T123/><D73/><U70/><E130/><N who="0" m="49705" /><D123/><U63/><E70/><V88/><F0/><W29/><G10/><T96/><D96/><U112/><E80/><V37/><F135/><W122/><G122/><T92/><D92/><U20/><E19/><V25/><F98/><W106/><G91/><T111/><D111/><U2/><E2/><V56/><F69/><W42/><G77/><T38/><D54/><U39/><E39/><V8/><F8/><W3/><G100/><T57/><D47/><U109/><E109/><V78/><F78/><W22/><G42/><T113/><D113/><N who="1" m="43595" /><E46/><V67/><REACH who="2" step="1"/><F37/><REACH who="2" ten="386,225,269,110" step="2"/><W41/><G107/><T24/><D38/><U7/><E7/><V90/><F90/><W5/><G106/><T75/><D36/><U49/><E63/><V97/><F97/><W120/><G120/><T105/><D105/><U9/><E9/><V53/><F53/><W129/><G129/><T119/><D119/><U65/><E65/><V12/><F12/><W13/><G3/><T30/><D75/><U34/><E34/><V61/><F61/><W50/><G4/><T58/><D52/><U79/><E79/><V21/><F21/><AGARI ba="0,1" hai="17,21,23,24,27,30,57,58,93,99,101" m="49705" machi="21" ten="30,1500,0" yaku="19,1" doraHai="28" who="0" fromWho="2" sc="386,25,225,0,269,-15,110,0" /><INIT seed="4,1,0,0,1,59" ten="411,225,254,110" oya="0" hai0="51,107,52,37,105,9,29,98,134,49,123,34,79" hai1="8,58,39,14,19,104,81,70,65,46,55,0,40" hai2="3,97,1,71,31,6,38,96,11,64,60,112,16" hai3="100,69,106,103,128,83,84,86,85,20,132,76,21"/><T113/><D37/><U23/><E104/><V44/><F31/><W75/><G69/><T130/><D123/><U92/><E81/><V22/><F3/><W41/><G128/><T67/><D113/><U32/><E92/><V68/><F68/><W27/><G132/><T78/><D130/><U54/><E32/><V124/><F112/><W122/><G106/><T33/><D9/><U10/><E0/><V93/><F124/><W12/><G122/><T129/><D129/><U95/><E95/><V18/><F22/><W25/><G41/><T115/><D115/><U74/><E74/><V118/><F118/><W77/><G12/><T111/><D67/><U13/><E13/><V108/><F108/><W135/><G135/><T45/><D134/><U127/><E127/><V102/><REACH who="2" step="1"/><F96/><REACH who="2" ten="411,225,244,110" step="2"/><W53/><G21/><T101/><D111/><U61/><REACH who="1" step="1"/><E54/><REACH who="1" ten="411,215,244,110" step="2"/><V47/><F47/><W88/><G53/><T121/><D121/><U35/><E35/><V50/><F50/><AGARI ba="1,2" hai="8,10,14,19,23,39,40,46,50,55,58,61,65,70" machi="50" ten="30,12000,2" yaku="1,1,7,1,24,2,52,1,53,2" doraHai="59" doraHaiUra="7" who="1" fromWho="2" sc="411,0,215,143,244,-123,110,0" /><INIT seed="5,0,0,0,1,12" ten="411,358,121,110" oya="1" hai0="31,52,84,90,113,54,107,120,21,0,63,124,46" hai1="41,101,92,14,6,112,76,94,5,129,75,62,93" hai2="121,91,117,24,126,23,100,118,59,18,15,61,50" hai3="87,80,128,28,58,68,53,30,66,33,104,127,10"/><U42/><E112/><V119/><F121/><W72/><G104/><T3/><D113/><U25/><E129/><V108/><F108/><W55/><G72/><T82/><D124/><U27/><E62/><V7/><F126/><W79/><G127/><T22/><D107/><U88/><E42/><V103/><F50/><W56/><G68/><T133/><D133/><U102/><E41/><V132/><F132/><W116/><G66/><T78/><D120/><U48/><E48/><V13/><F91/><W47/><G33/><T45/><D90/><U2/><E2/><V86/><F86/><W16/><G47/><T69/><D69/><U106/><E75/><V36/><F36/><W114/><G128/><T38/><D38/><U77/><E106/><V51/><F51/><N who="3" m="30783" /><G116/><T60/><D31/><U122/><E122/><V110/><F110/><W11/><G11/><T95/><D95/><U83/><E83/><V85/><F85/><W26/><G114/><T70/><D70/><U98/><E27/><V39/><F39/><W73/><G73/><T111/><D111/><U1/><E1/><V125/><F125/><W123/><G123/><T20/><D3/><U17/><E25/><V8/><REACH who="2" step="1"/><F24/><REACH who="2" ten="411,358,111,110" step="2"/><W9/><G26/><T97/><D97/><U29/><E98/><V130/><F130/><W81/><G81/><T34/><D34/><U40/><E77/><V4/><F4/><W65/><G80/><T99/><D99/><U32/><E76/><V105/><F105/><W115/><G79/><T131/><D131/><U44/><E32/><V37/><F37/><W96/><G115/><RYUUKYOKU ba="0,1" sc="411,-10,358,-10,111,30,110,-10" hai2="7,8,13,15,18,23,59,61,100,103,117,118,119" /><INIT seed="6,1,1,1,1,133" ten="401,348,141,100" oya="2" hai0="60,131,44,9,98,121,82,107,46,24,76,119,69" hai1="59,54,7,123,4,80,62,58,122,16,68,73,14" hai2="84,19,129,87,10,42,8,130,3,11,28,56,103" hai3="37,65,127,78,18,67,48,85,94,15,61,134,91"/><V114/><F114/><W124/><G37/><T93/><D107/><U36/><E68/><V25/><F42/><W71/><G67/><T128/><D121/><N who="1" m="46091" /><E36/><V120/><F120/><W41/><G134/><T45/><D119/><U33/><E33/><V105/><F56/><W126/><G78/><T20/><D9/><N who="2" m="3690" /><F103/><W30/><G30/><T108/><D108/><U125/><E125/><V101/><F101/><W116/><G116/><T29/><D60/><U132/><E132/><V53/><F53/><W81/><G41/><T75/><REACH who="0" step="1"/><D69/><REACH who="0" ten="391,348,141,100" step="2"/><U96/><E59/><V100/><F105/><W63/><G63/><T89/><AGARI ba="1,2" hai="20,24,29,44,45,46,75,76,82,89,93,98,128,131" machi="89" ten="30,7900,0" yaku="1,1,2,1,0,1,53,1" doraHai="133" doraHaiUra="72" who="0" fromWho="0" sc="391,102,348,-21,141,-40,100,-21" /><INIT seed="7,0,0,3,5,5" ten="493,327,101,79" oya="3" hai0="7,70,20,76,51,69,107,82,18,78,42,97,112" hai1="71,108,72,0,67,37,40,4,126,110,109,39,10" hai2="81,11,57,121,27,114,46,23,106,54,91,111,117" hai3="47,66,41,62,50,65,29,132,22,33,105,127,80"/><W115/><G127/><T63/><D18/><U84/><E72/><V8/><F111/><W6/><G33/><T74/><D20/><U86/><E126/><V24/><F117/><W59/><G105/><T102/><D112/><U77/><E77/><V38/><F106/><W25/><G115/><T128/><D128/><U45/><E39/><V90/><F114/><W53/><G132/><T17/><D7/><U16/><E16/><N who="2" m="12391" /><F38/><W1/><G6/><T116/><D116/><U48/><E48/><N who="2" m="28951" /><F121/><W92/><G1/><T104/><D104/><U49/><E49/><V73/><F73/><W135/><G135/><T58/><D17/><U131/><E86/><N who="2" m="50511" /><F27/><W9/><G9/><T134/><D134/><U122/><E84/><V44/><F44/><W52/><G80/><T19/><D19/><U34/><E34/><V88/><F57/><W95/><REACH who="3" step="1"/><G53/><REACH who="3" ten="493,327,101,69" step="2"/><T124/><D124/><U83/><E83/><V118/><F118/><W31/><G31/><T101/><D107/><U12/><E12/><V123/><F123/><W85/><G85/><T93/><D82/><U119/><E119/><V133/><F133/><W94/><AGARI ba="0,1" hai="22,25,29,41,47,50,52,59,62,65,66,92,94,95" machi="94" ten="30,11700,0" yaku="1,1,0,1,8,1,54,1,53,0" doraHai="5" doraHaiUra="32" who="3" fromWho="3" sc="493,-39,327,-39,101,-39,69,127" /><INIT seed="7,1,0,1,5,38" ten="454,288,62,196" oya="3" hai0="82,12,13,77,96,120,95,97,8,127,90,112,3" hai1="69,25,92,74,102,87,107,62,48,56,68,22,130" hai2="59,98,50,65,109,40,71,115,34,134,11,28,129" hai3="117,126,116,60,103,80,23,0,46,104,10,86,118"/><W114/><G126/><T2/><D120/><U18/><E74/><V44/><F11/><W119/><G23/><T83/><D127/><U133/><E107/><V111/><F98/><W81/><G10/><T79/><D112/><U32/><E133/><V88/><F28/><W125/><G0/><T124/><D124/><U21/><E32/><V24/><F24/><W53/><G114/><T64/><D64/><U135/><E135/><V14/><F14/><W55/><G125/><T39/><D39/><U31/><E130/><V57/><F88/><W110/><G110/><T131/><D131/><U100/><E48/><V91/><F91/><W37/><G60/><T78/><D97/><U121/><E121/><V19/><F19/><W75/><G75/><T132/><D132/><U113/><E113/><V49/><F34/><W30/><G30/><T17/><D13/><N who="1" m="9423" /><E68/><V27/><F27/><W36/><G80/><T45/><D45/><U5/><E69/><V63/><F134/><W29/><G29/><T43/><D3/><U123/><E123/><V128/><F115/><W72/><G72/><T70/><D2/><U54/><E5/><V47/><F128/><W20/><G20/><T101/><D70/><U26/><E26/><V51/><F129/><W89/><G36/><T67/><D67/><U58/><E58/><N who="2" m="22027" /><F111/><W52/><N who="3" m="30208" /><DORA hai="106" /><W76/><G104/><T33/><D33/><U42/><E42/><N who="2" m="24823" /><F109/><W122/><G122/><T16/><D43/><U93/><E87/><V108/><F108/><W105/><G105/><T35/><D35/><U66/><E66/><V6/><F6/><RYUUKYOKU ba="1,0" sc="454,-15,288,15,62,15,196,-15" hai1="22,25,31,54,56,62,92,93,100,102" hai2="40,44,50,51,63,65,71" owari="439,54,303,10,77,-42,181,-22" /></mjloggm>