<mjloggm ver="2.3"><GO type="137" lobby="0"/><UN n0="%E3%83%9E%E3%82%A8%E3%82%B1%E3%83%8A%E3%82%B9" n1="%67%75%6E%65" n2="%76%6F%6C%66" n3="%E7%95%99%E8%90%8C" dan="13,10,11,12" rate="1707.15,1647.45,1584.99,1592.86" sx="M,M,M,M"/><TAIKYOKU oya="0"/><INIT seed="0,0,0,1,0,78" ten="250,250,250,250" oya="0" hai0="65,130,70,44,79,10,107,57,104,118,91,39,45" hai1="100,66,2,54,58,18,109,29,50,13,55,110,59" hai2="40,101,125,114,86,90,4,20,94,131,28,1,132" hai3="26,84,97,23,64,127,47,43,12,46,14,5,82"/><T41/><D118/><U32/><E2/><V53/><F125/><W134/><G127/><T124/><D79/><U6/><E66/><V126/><F126/><W121/><G121/><T120/><D124/><U52/><E55/><V73/><F73/><W27/><G134/><T88/><D120/><U56/><E100/><V92/><F131/><W112/><G112/><T9/><D130/><U22/><E6/><V49/><F114/><W129/><G129/><T123/><D123/><U74/><E74/><V11/><F132/><W19/><G64/><T103/><D70/><U33/><E29/><V108/><F40/><W0/><G97/><T133/><D133/><U37/><E37/><V102/><F108/><N who="1" m="41577" /><E58/><V135/><F135/><W122/><G122/><T60/><D103/><U68/><E68/><V69/><F69/><W113/><G113/><T105/><REACH who="0" step="1"/><D45/><REACH who="0" ten="240,250,250,250" step="2"/><U8/><E8/><AGARI ba="0,1" hai="8,9,10,39,41,44,57,60,65,88,91,104,105,107" machi="8" ten="40,7700,0" yaku="1,1,2,1,54,1,53,0" doraHai="78" doraHaiUra="95" who="0" fromWho="1" sc="240,87,250,-77,250,0,250,0" /><INIT seed="0,1,0,1,5,95" ten="327,173,250,250" oya="0" hai0="67,93,68,129,113,5,47,34,46,72,132,24,105" hai1="118,12,22,50,64,109,107,100,55,61,19,117,92" hai2="21,37,114,98,36,15,94,3,54,74,35,63,130" hai3="53,2,104,14,131,124,69,6,115,23,82,121,8"/><T66/><D105/><U116/><E107/><V43/><F130/><W90/><G131/><T44/><D72/><U41/><E109/><V80/><F114/><W65/><G104/><T71/><D129/><U18/><E41/><V28/><F3/><W83/><G115/><T103/><D113/><U1/><E1/><V128/><F128/><W97/><G124/><T25/><D132/><U89/><E100/><V135/><F135/><W99/><G121/><T133/><D133/><U10/><E64/><N who="0" m="24617" /><D34/><U101/><E101/><V110/><F110/><W39/><G39/><T20/><D5/><U52/><E61/><V85/><F74/><W112/><G112/><T134/><D134/><U81/><E81/><V48/><F43/><W102/><G53/><T120/><D120/><U88/><E89/><V87/><F35/><W119/><G119/><T126/><D126/><U0/><E0/><V38/><F87/><W84/><G2/><T125/><D125/><U40/><E40/><V76/><F63/><W32/><G32/><T73/><D73/><U78/><E78/><V59/><F38/><W79/><G23/><T106/><D106/><U56/><E55/><V13/><F15/><W45/><G102/><T91/><D103/><U62/><E62/><V31/><F36/><W58/><G69/><N who="0" m="26699" /><D20/><U57/><E22/><V16/><F37/><W96/><G65/><T70/><N who="0" m="26707" /><T7/><DORA hai="26" /><D7/><U51/><E19/><V17/><F17/><W33/><G33/><T11/><D11/><U9/><E9/><V60/><F60/><W49/><G79/><T86/><AGARI ba="1,0" hai="24,25,44,46,47,86,91,93" m="26707,24617" machi="86" ten="50,2400,0" yaku="5,1" doraHai="95,26" who="0" fromWho="0" sc="327,27,173,-9,250,-9,250,-9" /><INIT seed="0,2,0,2,5,7" ten="354,164,241,241" oya="0" hai0="75,129,32,105,65,11,89,33,47,133,77,86,56" hai1="35,15,24,82,106,117,135,62,112,21,14,110,111" hai2="22,63,96,124,46,34,6,134,125,49,2,30,52" hai3="128,114,132,81,41,73,113,12,85,131,119,102,66"/><T98/><D133/><U43/><E35/><V55/><F134/><W18/><G66/><T37/><D129/><N who="3" m="49737" /><G41/><T93/><D37/><U91/><E135/><V1/><F34/><W70/><G132/><T57/><D47/><U36/><E106/><V109/><F109/><W58/><G70/><T17/><D33/><U16/><E117/><V48/><F96/><W122/><G58/><T78/><D32/><U72/><E112/><N who="3" m="43114" /><G73/><T4/><D65/><U95/><E62/><V51/><F63/><W28/><G28/><T42/><D42/><U64/><E64/><V92/><F92/><W121/><G102/><T83/><D78/><U79/><E111/><V40/><F125/><W69/><G69/><T68/><D17/><U123/><E123/><V3/><F124/><W53/><G53/><T31/><D31/><U61/><E61/><V99/><F99/><W80/><G119/><T39/><D39/><U19/><E110/><V50/><F30/><W130/><N who="3" m="49745" /><W25/><DORA hai="76" /><G25/><T59/><D68/><U115/><E115/><V45/><F22/><N who="3" m="11591" /><G85/><T54/><D54/><U87/><E43/><V23/><F23/><W97/><G97/><T127/><D127/><U107/><E107/><V44/><REACH who="2" step="1"/><F51/><REACH who="2" ten="354,164,231,241" step="2"/><W94/><G94/><T116/><D116/><U84/><E36/><V120/><F120/><AGARI ba="2,1" hai="80,81,120,121,122" m="11591,43114,49745" machi="120" ten="50,8000,1" yaku="13,1,19,1,52,2" doraHai="7,76" who="3" fromWho="2" sc="354,0,164,0,231,-86,241,96" /><INIT seed="1,0,0,0,5,74" ten="354,164,145,337" oya="1" hai0="35,69,122,48,113,57,54,104,95,64,120,101,47" hai1="39,132,3,133,41,67,94,100,1,46,111,81,36" hai2="60,75,19,93,72,79,109,52,121,21,106,80,23" hai3="71,11,14,25,103,59,134,33,53,110,30,13,135"/><U0/><E94/><V126/><F121/><N who="0" m="46698" /><D104/><U112/><E112/><V55/><F109/><W73/><G71/><T65/><D113/><U50/><E67/><N who="0" m="25673" /><D35/><U128/><E128/><V117/><F117/><W9/><G110/><T17/><D69/><U99/><E111/><V77/><F106/><W5/><G73/><T131/><D131/><U32/><E81/><V26/><F21/><W12/><G103/><T8/><D8/><U125/><E32/><V20/><F126/><W16/><G59/><T115/><D115/><U123/><E125/><V88/><F23/><N who="3" m="11655" /><G53/><N who="0" m="29855" /><D17/><AGARI ba="0,0" hai="5,9,11,13,14,17,25,30,33,134,135" m="11655" machi="17" ten="30,3900,0" yaku="34,2,54,1" doraHai="74" who="3" fromWho="0" sc="354,-39,164,0,145,0,337,39" /><INIT seed="2,0,0,3,4,25" ten="315,164,145,376" oya="2" hai0="2,103,69,111,58,35,104,100,36,40,135,31,125" hai1="110,50,12,7,52,74,78,30,75,85,15,105,115" hai2="80,93,131,109,76,123,59,38,44,57,26,63,3" hai3="67,89,6,79,126,16,82,37,95,96,127,17,81"/><V83/><F3/><W106/><G37/><T71/><D58/><U5/><E105/><V117/><F123/><W101/><G6/><T19/><D19/><U55/><E115/><V65/><F117/><W99/><G67/><T122/><D103/><U62/><E110/><V53/><F109/><W20/><G17/><T32/><D40/><U72/><E62/><V61/><F131/><W64/><G64/><T120/><D111/><U46/><E55/><V49/><F38/><W86/><REACH who="3" step="1"/><G82/><REACH who="3" ten="315,164,145,366" step="2"/><T118/><D36/><U34/><E5/><V68/><F83/><W113/><G113/><T47/><D2/><U33/><E7/><V119/><F68/><W28/><G28/><T23/><D23/><U48/><E30/><V124/><F80/><W43/><G43/><T92/><D31/><U98/><E33/><V42/><F26/><AGARI ba="0,1" hai="16,20,26,79,81,86,89,95,96,99,101,106,126,127" machi="26" ten="40,5200,0" yaku="1,1,54,1,53,1" doraHai="25" doraHaiUra="97" who="3" fromWho="2" sc="315,0,164,0,145,-52,366,62" /><INIT seed="3,0,0,4,2,29" ten="315,164,93,428" oya="3" hai0="32,75,117,92,70,42,133,4,39,79,61,71,104" hai1="17,122,127,55,123,41,34,60,82,5,90,3,10" hai2="129,74,87,28,9,124,126,108,44,54,93,76,53" hai3="37,38,106,73,18,46,63,2,132,1,58,131,98"/><W135/><G73/><T40/><D92/><U105/><E127/><V8/><F28/><W48/><G18/><T24/><D117/><U33/><E105/><V110/><F44/><W20/><G20/><T45/><D133/><N who="3" m="51273" /><G131/><T85/><D85/><U67/><E41/><V22/><F76/><W26/><G26/><T27/><D27/><U6/><E6/><V51/><F51/><W120/><G120/><T116/><D4/><U21/><E55/><N who="2" m="21003" /><F93/><W97/><G1/><T130/><D130/><U16/><E122/><V95/><F95/><W72/><G2/><T65/><D116/><U118/><E118/><V100/><F22/><W47/><G72/><T128/><D128/><U113/><E123/><V52/><N who="2" m="21011" /><V81/><DORA hai="25" /><F100/><N who="3" m="62735" /><G98/><T50/><D104/><U14/><E113/><V111/><F74/><W68/><G68/><T19/><D19/><U57/><REACH who="1" step="1"/><E17/><REACH who="1" ten="315,154,93,428" step="2"/><V62/><F129/><W12/><G12/><T94/><D42/><U114/><E114/><V125/><F62/><W35/><G35/><T83/><D50/><U49/><E49/><V107/><F107/><W121/><G48/><T15/><D15/><U13/><E13/><V91/><AGARI ba="0,1" hai="8,9,81,87,91,108,110,111,124,125,126" m="21011" machi="91" ten="50,6400,0" yaku="14,1,18,1,54,1" doraHai="29,25" who="2" fromWho="2" sc="315,-16,154,-16,93,74,428,-32" /><INIT seed="4,0,0,4,0,131" ten="299,138,167,396" oya="0" hai0="38,90,103,24,96,9,13,119,133,4,32,77,114" hai1="87,46,71,26,117,49,55,14,41,57,126,30,64" hai2="102,29,132,28,129,76,86,69,66,94,101,74,43" hai3="56,75,121,67,15,59,106,118,40,63,61,73,109"/><T6/><D119/><U33/><E117/><V78/><F129/><W5/><G109/><T68/><D114/><U88/><E126/><V107/><F43/><W19/><G118/><T80/><D68/><U127/><E127/><V98/><F102/><W8/><G106/><T31/><D38/><U125/><E125/><V97/><F76/><W116/><G116/><T72/><D90/><U53/><E14/><V60/><F97/><W50/><G121/><T134/><REACH who="0" step="1"/><D4/><REACH who="0" ten="289,138,167,396" step="2"/><U110/><E71/><V47/><F69/><W70/><G5/><T10/><D10/><U62/><REACH who="1" step="1"/><E110/><REACH who="1" ten="289,128,167,396" step="2"/><V42/><F66/><W44/><G70/><T99/><D99/><U51/><E51/><V124/><F124/><W128/><REACH who="3" step="1"/><G128/><REACH who="3" ten="289,128,167,386" step="2"/><T25/><D25/><U89/><E89/><V27/><F27/><W16/><G16/><T104/><AGARI ba="0,3" hai="6,9,13,24,31,32,72,77,80,96,103,104,133,134" machi="104" ten="30,11700,0" yaku="1,1,0,1,52,2,53,0" doraHai="131" doraHaiUra="123" who="0" fromWho="0" sc="289,147,128,-39,167,-39,386,-39" /><INIT seed="4,1,0,4,5,70" ten="436,89,128,347" oya="0" hai0="125,52,18,35,6,16,115,14,110,101,83,24,134" hai1="57,46,114,22,72,29,86,41,19,54,17,63,100" hai2="91,73,51,92,12,117,58,122,133,69,105,108,96" hai3="129,59,98,27,32,107,10,111,42,2,47,20,33"/><T97/><D110/><U99/><E72/><V67/><F117/><W102/><G111/><T3/><D115/><U36/><E114/><V61/><F108/><W89/><G129/><T81/><D125/><U95/><E86/><V30/><F122/><W85/><G59/><T55/><D134/><U135/><E135/><V109/><F133/><W21/><G2/><T60/><D3/><U66/><REACH who="1" step="1"/><E54/><REACH who="1" ten="436,79,128,347" step="2"/><V23/><F73/><W44/><G85/><T75/><D75/><U79/><E79/><V88/><F109/><W40/><G89/><T9/><D55/><U116/><E116/><V119/><F119/><W84/><G84/><T103/><D97/><U48/><E48/><V93/><F105/><W13/><G107/><T71/><D103/><U106/><E106/><V28/><F51/><W77/><G102/><T15/><D101/><U123/><E123/><V126/><F126/><W1/><G98/><T127/><D127/><U38/><E38/><V45/><F96/><W74/><G77/><T8/><D52/><U132/><E132/><V56/><F69/><W68/><G74/><T113/><D113/><U104/><E104/><V34/><F58/><W39/><G68/><T26/><D71/><U76/><E76/><V37/><F56/><W31/><G39/><T112/><D112/><U90/><E90/><V65/><F88/><W120/><G120/><T118/><D118/><U94/><E94/><V78/><F92/><W0/><G42/><T53/><D53/><U82/><E82/><V7/><F78/><W50/><G44/><T121/><D121/><U25/><AGARI ba="1,1" hai="17,19,22,25,29,36,41,46,57,63,66,95,99,100" machi="25" ten="30,12000,2" yaku="1,1,5,1,0,1,25,2,52,1,53,0" doraHai="70" doraHaiUra="5" who="1" fromWho="1" sc="436,-61,79,133,128,-31,347,-31" /><INIT seed="5,0,0,3,1,115" ten="375,212,97,316" oya="1" hai0="104,38,84,64,35,43,86,103,28,132,13,96,39" hai1="113,20,1,128,24,89,22,122,14,65,53,79,3" hai2="4,91,109,99,66,2,120,61,47,73,90,85,131" hai3="127,50,45,87,42,60,49,100,82,63,77,123,12"/><U129/><E122/><V71/><F120/><W83/><G123/><T25/><D132/><U101/><E79/><V41/><F109/><W9/><G100/><T126/><D126/><U98/><E22/><V21/><F131/><N who="1" m="50249" /><E65/><V112/><F112/><W57/><G127/><T33/><D33/><U94/><E14/><V36/><F21/><W27/><G27/><T58/><D13/><U106/><E113/><V6/><F73/><W51/><G83/><T95/><D43/><U133/><E53/><V68/><F68/><W23/><G23/><T111/><D111/><U16/><E133/><V92/><REACH who="2" step="1"/><F2/><REACH who="2" ten="375,212,87,316" step="2"/><W32/><G32/><T105/><D35/><U118/><E118/><V119/><F119/><W69/><G69/><T116/><D116/><U76/><E76/><V78/><F78/><W15/><G77/><T93/><D28/><U75/><E75/><V54/><F54/><W30/><G42/><T8/><D8/><U0/><E0/><V5/><F5/><W88/><G9/><T135/><D25/><U134/><E134/><V26/><F26/><W74/><G74/><T72/><D135/><U70/><E70/><V17/><F17/><W48/><G30/><T80/><D72/><U117/><E117/><V34/><F34/><W62/><G45/><T130/><D130/><U37/><E37/><V44/><F44/><W108/><G108/><T55/><D39/><U18/><E18/><V121/><F121/><W11/><G11/><T7/><D38/><U52/><E52/><AGARI ba="0,1" hai="12,15,48,49,50,51,52,57,60,62,63,82,87,88" machi="52" ten="40,5200,0" yaku="8,1,54,2" doraHai="115" who="3" fromWho="1" sc="375,0,212,-52,87,0,316,62" /><INIT seed="6,0,0,1,1,67" ten="375,160,87,378" oya="2" hai0="49,33,99,70,106,84,29,131,119,75,93,28,101" hai1="36,18,130,64,109,58,26,88,86,34,100,7,90" hai2="47,51,117,69,102,62,2,82,81,4,56,40,52" hai3="78,125,1,16,121,76,11,24,65,14,31,98,66"/><V126/><F126/><W79/><G121/><T68/><D49/><U120/><E120/><V107/><F117/><W45/><G125/><T128/><D75/><U111/><E36/><V6/><F6/><W32/><G98/><T110/><D110/><U91/><E111/><V44/><F44/><W73/><G45/><T116/><D84/><U124/><E109/><V39/><F4/><W132/><G132/><T63/><D93/><U15/><E124/><V127/><F127/><W105/><G105/><T87/><D87/><U92/><E130/><N who="0" m="49705" /><D33/><U133/><E34/><V135/><F135/><W8/><REACH who="3" step="1"/><G73/><REACH who="3" ten="375,160,87,368" step="2"/><T103/><D63/><N who="1" m="38007" /><E133/><V104/><F2/><W30/><G30/><N who="0" m="11883" /><D101/><U80/><E100/><V54/><F107/><W23/><G23/><T115/><D115/><U97/><E97/><V83/><F102/><W38/><G38/><T85/><D85/><U22/><E80/><V10/><F104/><W43/><G43/><T95/><D95/><U17/><E7/><AGARI ba="0,1" hai="1,7,8,11,14,16,24,31,32,65,66,76,78,79" machi="7" ten="40,5200,0" yaku="1,1,54,1,53,1" doraHai="67" doraHaiUra="3" who="3" fromWho="1" sc="375,0,160,-52,87,0,368,62" /><INIT seed="7,0,0,2,1,41" ten="375,108,87,430" oya="3" hai0="34,133,15,31,32,12,51,70,79,40,121,57,39" hai1="95,97,63,1,30,126,85,67,50,20,11,24,72" hai2="111,105,7,118,42,58,86,10,68,109,17,52,78" hai3="113,74,61,54,55,94,26,71,44,6,134,38,0"/><W21/><G74/><T81/><D121/><U103/><E72/><V59/><F105/><W129/><G129/><T100/><D70/><U14/><E126/><V49/><F68/><W96/><G113/><T99/><D133/><U33/><E1/><V108/><F118/><W2/><G134/><T123/><D39/><U124/><E124/><V89/><F78/><W60/><G0/><T87/><D123/><U84/><E33/><V62/><F17/><W48/><G2/><T16/><D31/><U3/><E50/><V101/><F42/><W4/><G38/><T76/><D76/><U69/><REACH who="1" step="1"/><E3/><REACH who="1" ten="375,98,87,430" step="2"/><V80/><F108/><W117/><G48/><T43/><D34/><U127/><E127/><V91/><F109/><W13/><G117/><T56/><D32/><U120/><E120/><V125/><F125/><W114/><G114/><T5/><D5/><AGARI ba="0,1" hai="5,11,14,20,24,30,63,67,69,84,85,95,97,103" machi="5" ten="30,7700,0" yaku="1,1,7,1,53,2" doraHai="41" doraHaiUra="82" who="1" fromWho="0" sc="375,-77,98,87,87,0,430,0" owari="298,10,185,-21,87,-41,430,52" /></mjloggm>