<mjloggm ver="2.3"><GO type="137" lobby="0"/><UN n0="%E7%95%99%E8%90%8C" n1="%E7%B4%AB" n2="%42%41%4F%4E%4F%52%41" n3="%E9%BB%92%E9%89%84%E9%8A%80" dan="12,13,10,10" rate="1592.43,1714.39,1474.50,1408.07" sx="M,M,M,M"/><TAIKYOKU oya="0"/><INIT seed="0,0,0,5,2,76" ten="250,250,250,250" oya="0" hai0="20,50,74,35,113,19,53,77,81,25,109,134,80" hai1="125,11,42,99,0,30,118,16,59,62,104,41,116" hai2="128,58,34,129,111,120,12,64,117,14,94,95,32" hai3="100,119,22,4,68,70,63,54,69,124,57,72,8"/><T39/><D35/><U61/><E30/><V28/><F120/><W130/><G119/><T71/><D39/><U55/><E125/><V91/><F111/><W83/><G124/><T44/><D71/><U13/><E118/><V92/><F117/><W78/><G130/><N who="2" m="50281" /><F28/><W65/><G100/><T97/><D109/><U46/><E116/><V5/><F91/><W135/><G135/><T73/><D134/><U84/><E0/><V127/><F5/><W110/><G110/><T29/><D97/><U60/><E84/><V98/><F98/><W114/><G114/><T9/><D9/><U51/><E104/><V17/><F64/><W52/><REACH who="3" step="1"/><G22/><REACH who="3" ten="250,250,250,240" step="2"/><T18/><REACH who="0" step="1"/><D113/><REACH who="0" ten="240,250,250,240" step="2"/><U105/><REACH who="1" step="1"/><E42/><REACH who="1" ten="240,240,250,240" step="2"/><V27/><F127/><W6/><G6/><T3/><D3/><AGARI ba="0,3" hai="3,4,8,52,54,57,63,65,68,69,70,72,78,83" machi="3" ten="40,5200,0" yaku="1,1,52,1,54,1,53,0" doraHai="76" doraHaiUra="90" who="3" fromWho="0" sc="240,-52,240,0,250,0,240,82" /><INIT seed="1,0,0,4,5,45" ten="188,240,250,322" oya="1" hai0="68,114,124,121,47,112,113,130,62,56,87,73,3" hai1="9,58,42,61,40,96,72,133,37,41,126,15,102" hai2="135,76,31,35,49,105,122,63,23,59,10,30,109" hai3="107,125,54,67,21,91,8,25,28,83,78,77,50"/><U22/><E72/><V120/><F105/><W95/><G107/><T69/><D3/><U93/><E133/><V131/><F109/><W51/><G125/><T12/><D12/><U89/><E126/><V5/><F135/><W79/><G67/><N who="0" m="39367" /><D73/><U97/><E37/><V132/><F132/><W44/><G83/><T119/><D87/><U74/><E74/><V4/><F76/><W71/><G71/><N who="0" m="27211" /><D124/><U70/><E70/><V7/><F131/><W123/><G123/><T100/><D100/><U90/><E22/><V98/><F122/><W24/><G24/><T33/><D121/><U75/><E75/><V104/><F120/><W116/><G116/><T13/><D13/><U27/><E27/><V108/><F108/><W57/><G8/><T117/><D33/><U55/><REACH who="1" step="1"/><E97/><REACH who="1" ten="188,230,250,322" step="2"/><V128/><F98/><N who="3" m="57727" /><G44/><T2/><D2/><U92/><E92/><V66/><F104/><W111/><G111/><T81/><D47/><U88/><E88/><V86/><F35/><W94/><G94/><T26/><D26/><U127/><E127/><V48/><F23/><W36/><G36/><T6/><D81/><U101/><E101/><V18/><F18/><AGARI ba="0,1" hai="9,15,18,40,41,42,55,58,61,89,90,93,96,102" machi="18" ten="40,12000,1" yaku="1,1,8,1,53,3" doraHai="45" doraHaiUra="38" who="1" fromWho="2" sc="188,0,230,130,250,-120,322,0" /><INIT seed="1,1,0,2,1,55" ten="188,360,130,322" oya="1" hai0="106,21,1,9,89,103,41,39,66,129,24,18,30" hai1="0,44,36,135,13,5,29,92,126,26,35,8,80" hai2="130,86,98,117,100,113,51,74,54,84,68,62,49" hai3="91,102,4,34,27,59,93,23,90,12,69,131,119"/><U105/><E105/><V115/><F117/><W116/><G69/><T79/><D66/><U14/><E135/><V46/><F130/><W72/><G72/><T2/><D79/><U64/><E126/><V31/><F74/><W38/><G38/><T112/><D112/><U109/><E109/><V81/><F68/><W114/><G114/><N who="2" m="43529" /><F51/><W110/><G110/><T108/><D89/><U85/><E64/><V28/><F62/><W99/><G34/><T52/><D108/><U118/><E118/><N who="3" m="45098" /><G131/><T32/><D129/><U133/><E133/><V25/><F25/><W16/><G59/><T101/><D41/><U132/><E132/><V134/><F134/><W45/><G45/><T50/><D39/><U104/><E104/><N who="2" m="63511" /><F86/><W58/><G58/><T65/><D65/><U40/><REACH who="1" step="1"/><E92/><REACH who="1" ten="188,350,130,322" step="2"/><V123/><F123/><W17/><G4/><T95/><D106/><U97/><E97/><V63/><F63/><W111/><G111/><T3/><D95/><U10/><E10/><AGARI ba="1,1" hai="10,12,16,17,23,27,90,91,93,99,102" m="45098" machi="10" ten="30,2000,0" yaku="12,1,54,1" doraHai="55" who="3" fromWho="1" sc="188,0,350,-23,130,0,322,33" /><INIT seed="2,0,0,0,0,50" ten="188,327,130,355" oya="2" hai0="63,34,114,2,41,79,90,49,84,76,52,106,70" hai1="27,57,134,112,14,26,99,39,119,46,101,117,88" hai2="4,3,16,123,105,0,9,32,11,97,80,107,21" hai3="124,13,58,98,69,44,38,56,82,31,20,35,72"/><V96/><F123/><W5/><G69/><T121/><D121/><U71/><E71/><V73/><F32/><W111/><G35/><T110/><D114/><U83/><E112/><V47/><F9/><W30/><G124/><T129/><D34/><U64/><E134/><V77/><F3/><W22/><G111/><T87/><D2/><U100/><E39/><V92/><F97/><W10/><G38/><T128/><D106/><U75/><E117/><V60/><F60/><W43/><G72/><T130/><D110/><U78/><E119/><V24/><REACH who="2" step="1"/><F47/><REACH who="2" ten="188,327,120,355" step="2"/><W102/><G44/><T108/><D108/><U23/><E46/><V55/><F55/><W65/><G98/><T85/><D41/><U33/><E33/><V113/><F113/><W133/><G43/><T86/><D70/><U122/><E122/><V12/><F12/><W53/><G53/><T66/><D63/><U135/><E135/><V1/><F1/><W131/><G133/><T48/><D66/><U116/><E116/><V89/><AGARI ba="0,1" hai="0,4,11,16,21,24,73,77,80,89,92,96,105,107" machi="89" ten="20,18000,2" yaku="1,1,0,1,7,1,54,1,53,2" doraHai="50" doraHaiUra="103" who="2" fromWho="2" sc="188,-60,327,-60,120,190,355,-60" /><INIT seed="2,1,0,4,1,41" ten="128,267,310,295" oya="2" hai0="15,129,19,14,46,74,81,20,120,116,73,97,80" hai1="65,115,135,5,134,133,70,118,124,50,88,4,57" hai2="123,101,53,34,30,86,78,91,10,43,77,2,44" hai3="64,79,8,93,109,72,87,117,94,47,67,26,48"/><V55/><F123/><W89/><G117/><T114/><D120/><U45/><E118/><V11/><F101/><W105/><G105/><T18/><D116/><U13/><E115/><V131/><F131/><W51/><G72/><T103/><D114/><U29/><E29/><V107/><F107/><W66/><G109/><T63/><D129/><U121/><E121/><V42/><F10/><W24/><G8/><T37/><D63/><U16/><E70/><V9/><F9/><W54/><G48/><T96/><D73/><U104/><E104/><V22/><F34/><W58/><G58/><T113/><D113/><U102/><E102/><V127/><F127/><W12/><G12/><T76/><D80/><U0/><E0/><V1/><F43/><W132/><G132/><N who="1" m="33794" /><U69/><DORA hai="71" /><E124/><V75/><F2/><W60/><G60/><T7/><D7/><U130/><E69/><V95/><F11/><W99/><G79/><T33/><D33/><U59/><E130/><V62/><F1/><W112/><REACH who="3" step="1"/><G112/><REACH who="3" ten="128,267,310,285" step="2"/><T40/><REACH who="0" step="1"/><D103/><AGARI ba="1,1" hai="24,26,47,51,54,64,66,67,87,89,93,94,99,103" machi="103" ten="40,8000,1" yaku="1,1,2,1,8,1,52,1,53,0" doraHai="41,71" doraHaiUra="6,3" who="3" fromWho="0" sc="128,-83,267,0,310,0,285,93" /><INIT seed="3,0,0,1,5,76" ten="45,267,310,378" oya="3" hai0="8,39,90,52,47,109,70,60,85,21,33,88,86" hai1="101,34,92,40,41,65,59,36,105,91,110,6,58" hai2="129,15,7,63,113,108,97,32,20,29,23,112,81" hai3="117,72,1,61,35,13,133,124,51,71,132,93,42"/><W48/><G117/><T83/><D33/><U17/><E34/><V75/><F129/><W0/><G35/><T122/><D122/><U77/><E36/><V131/><F131/><W19/><G72/><T27/><D109/><U104/><E65/><V10/><F108/><W127/><G71/><T107/><D107/><U68/><E68/><V57/><F32/><W135/><G61/><T80/><D8/><U96/><E6/><V12/><F23/><W4/><G93/><T9/><D9/><U64/><E64/><V111/><F111/><W98/><G98/><T100/><D100/><U119/><E119/><V126/><F126/><N who="3" m="48171" /><G42/><T45/><D39/><U89/><E110/><V73/><F73/><W53/><G4/><T16/><REACH who="0" step="1"/><D70/><REACH who="0" ten="35,267,310,378" step="2"/><U55/><E105/><V49/><F113/><W118/><G118/><T69/><D69/><U31/><E104/><V30/><F112/><W84/><G84/><T11/><D11/><U62/><E41/><V3/><F3/><N who="3" m="1099" /><G53/><T46/><D46/><U94/><E40/><V2/><F2/><W125/><G125/><T123/><D123/><U87/><E55/><V56/><F29/><W37/><G37/><T14/><D14/><U99/><E31/><V54/><F15/><W103/><G103/><T78/><D78/><U95/><E77/><V26/><F75/><W120/><G120/><T102/><D102/><U82/><E101/><V44/><F63/><W115/><G115/><T25/><D25/><U50/><E62/><V67/><F26/><W28/><G28/><T116/><D116/><U121/><E121/><V106/><F106/><RYUUKYOKU ba="0,1" sc="35,15,267,-15,310,-15,378,15" hai0="16,21,27,45,47,52,60,80,83,85,86,88,90" hai3="13,19,48,51,132,133,135" /><INIT seed="3,1,1,3,4,78" ten="50,252,295,393" oya="3" hai0="54,104,39,123,57,69,91,67,13,22,114,15,68" hai1="25,8,49,118,125,80,113,116,3,90,59,60,17" hai2="131,122,112,23,105,61,97,19,11,79,117,38,71" hai3="124,66,30,115,82,24,63,111,62,96,43,83,2"/><W14/><G2/><T1/><D123/><U33/><E113/><V130/><F117/><N who="1" m="45161" /><E125/><V76/><F122/><W121/><G121/><T127/><D104/><U26/><E49/><V10/><F112/><W107/><G115/><T84/><D114/><U42/><E42/><V132/><F38/><W73/><G73/><T32/><D1/><U7/><E60/><V44/><F44/><W6/><G111/><T110/><D32/><U31/><E59/><V36/><F36/><W45/><G124/><T5/><D39/><U16/><E80/><V92/><F105/><W27/><G107/><T120/><D120/><U12/><E90/><V100/><F132/><W106/><G106/><T103/><D110/><U99/><E99/><V102/><F102/><W81/><G96/><T55/><D103/><U34/><E17/><V85/><F71/><W108/><G108/><T47/><D127/><U109/><E109/><V98/><F61/><W126/><G126/><T52/><D69/><U74/><E74/><V77/><F85/><W46/><G43/><T50/><D68/><U28/><E3/><V65/><F97/><W21/><G27/><N who="1" m="10250" /><E7/><V128/><F65/><W72/><G72/><T48/><D5/><U94/><E94/><V53/><REACH who="2" step="1"/><F53/><REACH who="2" ten="50,252,285,393" step="2"/><W87/><G87/><T40/><D84/><U35/><AGARI ba="1,2" hai="8,12,16,28,31,33,34,35" m="10250,45161" machi="35" ten="40,8000,1" yaku="12,1,34,2,54,1" doraHai="78" who="1" fromWho="1" sc="50,-21,252,103,285,-21,393,-41" /><INIT seed="4,0,0,0,1,113" ten="29,355,264,352" oya="0" hai0="68,14,105,37,110,122,87,93,64,75,44,79,76" hai1="25,99,31,9,20,104,7,126,27,82,22,23,97" hai2="53,26,85,63,112,57,3,115,10,84,29,88,41" hai3="55,43,132,81,13,40,0,19,30,42,62,28,33"/><T96/><D122/><U34/><E104/><V69/><F115/><W70/><G0/><T114/><D114/><U116/><E82/><V74/><F112/><W72/><G33/><T38/><D110/><U6/><E99/><V120/><F120/><W135/><G70/><T102/><D105/><U17/><E97/><V24/><F74/><W127/><G127/><T71/><D14/><U36/><E36/><V73/><F73/><W118/><G118/><T52/><D75/><U111/><E126/><V8/><F69/><W1/><G1/><T107/><D107/><U67/><E67/><V49/><F3/><W130/><G130/><T95/><D64/><U101/><E101/><V125/><F125/><W15/><G72/><T16/><D71/><U60/><E60/><V117/><F117/><W133/><G81/><T108/><D44/><U51/><E51/><V18/><F26/><W66/><G66/><T124/><D87/><U121/><E111/><V109/><F109/><W61/><G55/><T134/><D52/><U83/><E83/><V77/><F77/><W50/><G50/><T92/><D79/><U59/><E59/><V39/><F39/><W106/><G106/><T35/><D38/><U47/><E121/><V56/><F41/><N who="3" m="10499" /><W128/><DORA hai="94" /><G128/><T131/><D37/><U98/><E98/><V11/><F18/><W123/><G123/><T129/><D124/><U100/><E47/><N who="2" m="27839" /><F63/><N who="3" m="24075" /><G19/><T65/><D129/><U91/><E100/><V4/><F4/><N who="1" m="1577" /><E91/><V48/><F88/><W86/><G86/><N who="2" m="33385" /><F48/><W45/><G45/><T78/><D131/><U103/><E103/><RYUUKYOKU ba="0,0" sc="29,-15,355,-15,264,15,352,15" hai2="8,10,11,24,29,56,57" hai3="13,15,28,30,132,133,135" /><INIT seed="5,1,0,0,5,21" ten="14,340,279,367" oya="1" hai0="55,78,60,38,31,128,101,122,84,10,90,92,94" hai1="29,5,89,82,114,9,57,50,131,34,70,108,115" hai2="11,19,53,8,2,125,51,26,20,75,14,99,130" hai3="4,54,25,88,7,3,23,72,87,117,46,32,40"/><U56/><E82/><V129/><F75/><W127/><G32/><T85/><D38/><U39/><E39/><V118/><F118/><W80/><G117/><T37/><D37/><U22/><E70/><V105/><F125/><W63/><G127/><T65/><D10/><U49/><E131/><N who="2" m="50187" /><F2/><W109/><G109/><T100/><D122/><U6/><E89/><V107/><F99/><W98/><G72/><T97/><D128/><U123/><E123/><V44/><F8/><W30/><G3/><T18/><D55/><U61/><E34/><V121/><F121/><W35/><G35/><T106/><D106/><U59/><E108/><V132/><F132/><W41/><G98/><N who="0" m="59463" /><D31/><U79/><E79/><V134/><F134/><W58/><G41/><T96/><D18/><U0/><E6/><V47/><F47/><W126/><G126/><T12/><D12/><U110/><E110/><V74/><F74/><W86/><G86/><N who="0" m="52567" /><D101/><U81/><E81/><V124/><F124/><W36/><AGARI ba="1,0" hai="4,7,23,25,30,36,40,46,54,58,63,80,87,88" machi="36" ten="20,5200,0" yaku="0,1,7,1,52,1,54,1" doraHai="21" who="3" fromWho="3" sc="14,-14,340,-27,279,-14,367,55" /><INIT seed="6,0,0,3,0,96" ten="0,313,265,422" oya="2" hai0="115,112,93,46,86,51,52,10,81,13,27,131,55" hai1="66,73,7,53,19,67,1,36,45,64,114,87,135" hai2="29,107,113,44,106,39,105,134,97,14,88,28,99" hai3="59,65,70,16,31,80,109,79,47,77,110,32,85"/><V11/><F113/><N who="0" m="43594" /><D131/><U48/><E135/><V125/><F125/><W54/><G70/><T58/><D27/><U83/><E73/><V9/><F134/><W41/><G65/><T24/><D24/><U94/><E114/><V15/><F39/><W37/><G32/><T102/><D102/><U101/><E36/><V18/><F44/><W78/><G31/><T91/><D93/><U127/><E127/><V133/><F133/><W92/><G92/><T40/><D58/><U69/><E69/><V56/><F56/><W120/><G120/><T132/><D132/><U30/><E30/><V8/><F88/><W76/><REACH who="3" step="1"/><G16/><AGARI ba="0,0" hai="10,13,16,40,46,51,52,55,81,86,91" m="43594" machi="16" ten="30,3900,0" yaku="15,1,54,2" doraHai="96" who="0" fromWho="3" sc="0,39,313,0,265,0,422,-39" /><INIT seed="7,0,0,5,5,29" ten="39,313,265,383" oya="3" hai0="119,11,57,3,93,55,12,66,37,42,105,86,74" hai1="30,82,123,68,65,17,47,15,77,46,124,13,91" hai2="4,53,75,1,6,63,52,118,31,134,84,98,18" hai3="130,16,8,64,34,97,109,100,116,22,28,58,21"/><W19/><G116/><T89/><D74/><U20/><E123/><V51/><F75/><W27/><G109/><T111/><D119/><U99/><E68/><V103/><F118/><W69/><G130/><T107/><D3/><U71/><E71/><V45/><F134/><W44/><G44/><T36/><D111/><U38/><E38/><V61/><F4/><W122/><G122/><T96/><D66/><U5/><E124/><V39/><F39/><W129/><G129/><T14/><D36/><U92/><E65/><V79/><F6/><W7/><G58/><T54/><D37/><U94/><E30/><V40/><F1/><W132/><G132/><T115/><D115/><U9/><REACH who="1" step="1"/><E92/><REACH who="1" ten="39,303,265,383" step="2"/><V121/><F121/><W23/><G28/><T70/><D70/><U85/><AGARI ba="0,1" hai="5,9,13,15,17,20,46,47,77,82,85,91,94,99" machi="85" ten="20,12000,2" yaku="1,1,2,1,0,1,7,1,8,1,53,1" doraHai="29" doraHaiUra="73" who="1" fromWho="1" sc="39,-30,303,130,265,-30,383,-60" owari="9,-49,433,53,235,-16,323,12" /></mjloggm>