<mjloggm ver="2.3"><GO type="137" lobby="0"/><UN n0="%E7%95%99%E8%90%8C" n1="%E3%82%BF%E3%82%A4%E3%83%A0%E3%83%88%E3%83%AA%E3%83%83%E3%83%91%E3%83%BC" n2="%E9%98%BF%E8%89%AF%E3%80%85%E3%80%85%E3%80%85%E3%80%85%E3%80%85%E6%9C%A8" n3="%73%69%61%6D" dan="12,13,10,9" rate="1577.68,1780.33,1406.89,1631.86" sx="M,M,M,M"/><TAIKYOKU oya="0"/><INIT seed="0,0,0,3,3,129" ten="250,250,250,250" oya="0" hai0="112,62,93,46,18,84,69,132,47,88,95,53,54" hai1="37,77,41,119,59,73,20,58,89,92,83,45,52" hai2="6,90,130,115,19,116,22,2,120,82,97,71,85" hai3="7,3,104,98,78,87,43,48,38,96,63,16,55"/><T65/><D112/><U61/><E119/><V72/><F130/><W100/><G63/><T67/><D132/><U134/><E134/><V0/><F71/><W24/><G98/><T68/><D18/><U51/><E20/><V128/><F128/><W107/><G107/><T34/><D34/><U56/><REACH who="1" step="1"/><E61/><REACH who="1" ten="250,240,250,250" step="2"/><V49/><F116/><W17/><G38/><T32/><D32/><U1/><E1/><V75/><F115/><W60/><G60/><T50/><D69/><U121/><E121/><V118/><F120/><W13/><G3/><T74/><D74/><U35/><E35/><V39/><F118/><W70/><G70/><T29/><D29/><U102/><E102/><V111/><F0/><W28/><G28/><T109/><D109/><U123/><E123/><V36/><F72/><W117/><G117/><T42/><D67/><U30/><E30/><V103/><F75/><W10/><G24/><T11/><D11/><U110/><E110/><V33/><F33/><W108/><G108/><T76/><D76/><U14/><E14/><V125/><F111/><W57/><G43/><T31/><D42/><U5/><E5/><V9/><F2/><W81/><AGARI ba="0,1" hai="7,10,13,16,17,48,55,57,78,81,87,96,100,104" machi="81" ten="30,2000,0" yaku="0,1,54,1" doraHai="129" who="3" fromWho="3" sc="250,-10,240,-5,250,-5,250,30" /><INIT seed="1,0,0,0,1,119" ten="240,235,245,280" oya="1" hai0="77,31,8,90,61,82,128,39,42,125,112,65,108" hai1="0,126,84,54,135,113,43,118,73,15,56,124,70" hai2="74,50,7,18,133,33,14,17,58,94,34,25,85" hai3="106,49,13,101,48,131,107,38,30,104,22,86,5"/><U24/><E0/><V88/><F74/><W121/><G38/><T52/><D112/><U51/><E118/><V129/><F133/><W68/><G68/><T123/><D31/><U67/><E113/><V3/><F129/><W130/><G5/><T9/><D108/><U62/><E73/><V103/><F33/><W100/><G86/><T32/><D128/><N who="3" m="49193" /><G13/><T10/><D32/><U44/><E135/><V114/><F114/><W80/><G80/><T6/><D125/><U41/><E24/><V27/><F34/><W23/><G30/><T96/><D123/><U117/><E117/><V35/><F35/><W45/><G45/><T132/><D132/><U109/><E84/><V57/><F3/><W97/><G97/><T122/><D122/><U1/><E1/><V28/><F7/><W127/><G127/><N who="1" m="48682" /><E15/><V79/><F79/><W4/><G4/><T78/><D6/><U11/><E11/><V12/><F103/><N who="3" m="39499" /><G121/><T16/><D39/><N who="1" m="21567" /><E109/><V60/><F28/><W26/><G26/><N who="2" m="9737" /><F50/><AGARI ba="0,0" hai="22,23,48,49,50,104,106,107" m="39499,49193" machi="50" ten="40,5200,0" yaku="28,2,19,1" doraHai="119" who="3" fromWho="2" sc="240,0,235,0,245,-52,280,52" /><INIT seed="2,0,0,4,2,16" ten="240,235,193,332" oya="2" hai0="107,73,35,117,127,67,134,96,65,36,4,95,110" hai1="120,111,124,60,88,98,9,56,15,63,61,79,68" hai2="37,71,82,101,92,21,128,105,30,99,74,109,130" hai3="115,17,72,81,3,77,123,20,43,86,121,47,84"/><V97/><F71/><W1/><G115/><T48/><D36/><U51/><E120/><V122/><F37/><W78/><G123/><T125/><D107/><U7/><E68/><V39/><F39/><W69/><G121/><T53/><D73/><U12/><E124/><N who="0" m="47689" /><D35/><U49/><E111/><V44/><F30/><W40/><G69/><T87/><D110/><U116/><E116/><V70/><F70/><W31/><G31/><T66/><D117/><U33/><E33/><V32/><F32/><W104/><G104/><T129/><D129/><N who="2" m="49770" /><F44/><W75/><G17/><T126/><D134/><U83/><E15/><V25/><F122/><W18/><G18/><T19/><D4/><U46/><E79/><N who="2" m="44407" /><F109/><W10/><G20/><T22/><D87/><U11/><E11/><V135/><F25/><W112/><G112/><T0/><D0/><U94/><E83/><V102/><F21/><W113/><G113/><T90/><N who="0" m="47697" /><T34/><DORA hai="106" /><D34/><U80/><E80/><V52/><F52/><W54/><G54/><T24/><D67/><U93/><E93/><V57/><F57/><AGARI ba="0,0" hai="19,22,24,48,53,57,65,66,90,95,96" m="47697" machi="57" ten="40,2600,0" yaku="18,1,52,1" doraHai="16,106" who="0" fromWho="2" sc="240,26,235,0,193,-26,332,0" /><INIT seed="3,0,0,2,2,34" ten="266,235,167,332" oya="3" hai0="27,82,71,40,42,50,24,55,35,14,6,131,135" hai1="5,114,85,78,33,56,9,45,37,8,47,102,79" hai2="20,59,70,121,22,101,30,38,104,31,97,109,26" hai3="41,52,18,54,115,103,7,48,57,1,63,21,132"/><W28/><G115/><T29/><D71/><U96/><E33/><V133/><F121/><W66/><G132/><T62/><D135/><U65/><E114/><V91/><F109/><W117/><G117/><T39/><D131/><U25/><E37/><V16/><F133/><W110/><G110/><T88/><D24/><U60/><E78/><V72/><F72/><W74/><G74/><T4/><D39/><U123/><E123/><V99/><F70/><W108/><G108/><T128/><D128/><U86/><E25/><V32/><F38/><W105/><G28/><T125/><D125/><U112/><E112/><V98/><F30/><W129/><G129/><T118/><D118/><U93/><E9/><V17/><F32/><W83/><G83/><T58/><D62/><U113/><E113/><V95/><F31/><W3/><G7/><T44/><D44/><U120/><E120/><V53/><F104/><W126/><G103/><T46/><D46/><U69/><E69/><V75/><F101/><W130/><G105/><T15/><D15/><U84/><REACH who="1" step="1"/><E79/><REACH who="1" ten="266,225,167,332" step="2"/><V73/><F75/><W64/><G130/><T134/><D134/><U61/><E61/><N who="2" m="36079" /><F73/><W51/><G126/><T11/><D4/><U67/><E67/><V100/><F100/><W68/><G66/><T0/><D0/><AGARI ba="0,1" hai="0,5,8,45,47,56,60,65,84,85,86,93,96,102" machi="0" ten="40,8000,1" yaku="1,1,52,1,53,3" doraHai="34" doraHaiUra="80" who="1" fromWho="0" sc="266,-80,225,90,167,0,332,0" /><INIT seed="4,0,0,1,4,134" ten="186,315,167,332" oya="0" hai0="90,48,93,23,43,77,85,7,84,67,53,112,22" hai1="81,129,102,135,83,71,33,131,62,96,11,39,133" hai2="117,6,72,51,92,125,95,64,59,28,108,34,78" hai3="109,69,106,132,12,126,50,130,120,89,26,97,57"/><T1/><D112/><U99/><E39/><V104/><F117/><W0/><G0/><T61/><D43/><U47/><E33/><V15/><F108/><W86/><G109/><T8/><D67/><U10/><E47/><V74/><F104/><W41/><G69/><T40/><D61/><U2/><E62/><V118/><F118/><W76/><G132/><N who="1" m="50762" /><E71/><V91/><F72/><W45/><G130/><N who="1" m="49674" /><E2/><V4/><F34/><W44/><G76/><T122/><D122/><U49/><E49/><V38/><F38/><W13/><G97/><N who="1" m="37450" /><E102/><V73/><F73/><W9/><G57/><T68/><D68/><U37/><E37/><V107/><F74/><W127/><G26/><T36/><D36/><U63/><E63/><V42/><F107/><W87/><G106/><T94/><D40/><U31/><E31/><V123/><F123/><W80/><G120/><T116/><D116/><U16/><E16/><V35/><F35/><W30/><G30/><T105/><D105/><U113/><E113/><V19/><F28/><W25/><G25/><T111/><D111/><U18/><E18/><V20/><F78/><N who="3" m="46359" /><G44/><T46/><D77/><U3/><E3/><V119/><F119/><W29/><G29/><T5/><D5/><U70/><E70/><V115/><F115/><W98/><G13/><T24/><D24/><U75/><E75/><V82/><F42/><W101/><G12/><T128/><D128/><U58/><E58/><V52/><F64/><W17/><G17/><T14/><D1/><U32/><E32/><V110/><F110/><W55/><G41/><T124/><D22/><RYUUKYOKU ba="0,0" sc="186,-10,315,30,167,-10,332,-10" hai1="10,11,81,83" /><INIT seed="5,1,0,3,2,78" ten="176,345,157,322" oya="1" hai0="126,76,71,117,108,131,74,61,128,23,6,68,7" hai1="82,46,21,83,31,135,4,47,123,96,109,98,110" hai2="62,69,29,79,40,57,38,80,124,32,48,133,19" hai3="18,50,77,55,93,0,2,66,89,54,112,8,104"/><U53/><E123/><V41/><F124/><W33/><G104/><T3/><D126/><U12/><E135/><V39/><F133/><W15/><G33/><T105/><D117/><U59/><E31/><V91/><F69/><W37/><G37/><T44/><D108/><N who="1" m="41579" /><E21/><V113/><F113/><W120/><G120/><T121/><D105/><U70/><E70/><V14/><F32/><W35/><G35/><T28/><D44/><N who="1" m="16939" /><E4/><V106/><F106/><W116/><G66/><T1/><D121/><U72/><E12/><V115/><F115/><W24/><G77/><T65/><D68/><U111/><E72/><V16/><F29/><W129/><G55/><T99/><D99/><N who="1" m="37931" /><E111/><V85/><F38/><W30/><G112/><T45/><D45/><U34/><E34/><V63/><F39/><W67/><G67/><T87/><D87/><U36/><E36/><V94/><F19/><W10/><G10/><T13/><D28/><U125/><E125/><V134/><F134/><W43/><G43/><N who="2" m="16457" /><F79/><W20/><G116/><T132/><D132/><U84/><E84/><V26/><F26/><W95/><G2/><T75/><D23/><U5/><E5/><V73/><F73/><W97/><G93/><T81/><D74/><U42/><E42/><V101/><F101/><W25/><G24/><T92/><D92/><U127/><E127/><V122/><F122/><W49/><G0/><T9/><REACH who="0" step="1"/><D13/><REACH who="0" ten="166,345,157,322" step="2"/><U118/><E118/><V60/><F48/><AGARI ba="1,1" hai="48,53,59,82,83" m="37931,16939,41579" machi="48" ten="30,5800,0" yaku="10,1,52,2" doraHai="78" who="1" fromWho="2" sc="166,0,345,71,157,-61,322,0" /><INIT seed="5,2,0,4,5,107" ten="166,416,96,322" oya="1" hai0="67,24,78,73,66,94,18,61,98,65,95,79,59" hai1="89,13,123,31,87,133,69,119,25,37,58,22,106" hai2="128,48,110,83,10,26,77,105,102,38,27,33,131" hai3="129,1,29,100,132,14,16,17,60,125,42,80,46"/><U11/><E123/><V103/><F38/><W43/><G100/><T71/><D71/><U76/><E119/><V19/><F110/><W72/><G1/><T108/><D108/><U97/><E69/><V51/><F105/><W113/><G42/><T54/><D73/><U122/><E122/><V41/><F33/><W90/><G113/><T47/><D47/><U82/><E37/><V127/><F127/><W115/><G115/><T118/><D118/><U49/><E133/><V99/><F99/><W32/><G132/><T88/><REACH who="0" step="1"/><D94/><REACH who="0" ten="156,416,96,322" step="2"/><U34/><E106/><V84/><F41/><W15/><G72/><T74/><D74/><U92/><E58/><V85/><F10/><W39/><G125/><T6/><D6/><U7/><E7/><V12/><F12/><W101/><G129/><T9/><D9/><U30/><E11/><V130/><F19/><W57/><G14/><T86/><D86/><U55/><E13/><V124/><F124/><W81/><G17/><T64/><N who="0" m="16896" /><DORA hai="62" /><T96/><D96/><U0/><E0/><V36/><F83/><W135/><G135/><T109/><D109/><U134/><E134/><V53/><F77/><W104/><G15/><T120/><D120/><U93/><E93/><V4/><F4/><W45/><G16/><T112/><D112/><U114/><E114/><V50/><F36/><W23/><G45/><T52/><D52/><U20/><E31/><V91/><F53/><W35/><G29/><T56/><D56/><U70/><E70/><V5/><F5/><W75/><G75/><T63/><D63/><U111/><E111/><RYUUKYOKU ba="2,1" sc="156,15,416,15,96,-15,322,-15" hai0="18,24,54,59,61,78,79,88,95,98" hai1="20,22,25,30,34,49,55,76,82,87,89,92,97" /><INIT seed="5,3,1,0,0,67" ten="171,431,81,307" oya="1" hai0="80,8,6,70,110,92,130,103,84,44,24,75,10" hai1="66,88,129,19,48,100,134,14,49,59,62,77,39" hai2="4,90,47,74,56,105,115,102,113,37,98,38,122" hai3="31,0,97,73,21,87,2,112,69,116,41,117,34"/><U28/><E39/><V26/><F122/><W27/><G87/><T128/><D110/><U124/><E134/><V118/><F118/><N who="3" m="45675" /><G21/><T132/><D70/><U114/><E129/><N who="0" m="49769" /><D24/><U30/><E124/><V108/><F108/><W51/><G51/><T57/><D57/><U86/><E114/><N who="2" m="43531" /><F74/><W71/><G112/><T43/><D132/><U91/><E100/><V72/><F72/><W96/><G41/><T35/><D35/><U126/><E126/><V99/><F4/><W95/><G95/><T109/><D109/><U93/><E77/><V119/><F119/><W54/><G54/><T5/><D103/><U89/><E30/><V25/><F56/><W7/><G73/><T1/><D75/><U76/><E28/><V33/><F33/><W120/><G120/><T78/><D92/><U12/><E76/><V123/><F123/><W13/><G13/><N who="1" m="5226" /><E19/><V9/><F9/><N who="0" m="3690" /><D1/><N who="3" m="617" /><G7/><T83/><D83/><U133/><E133/><V82/><F47/><W106/><G97/><T29/><D29/><U107/><E107/><V53/><F53/><W50/><G50/><AGARI ba="3,1" hai="5,6,43,44,50,78,80,84" m="3690,49769" machi="50" ten="30,1000,0" yaku="19,1" doraHai="67" who="0" fromWho="3" sc="171,29,431,0,81,0,307,-19" /><AGARI ba="3,0" hai="48,49,50,59,62,66,86,88,89,91,93" m="5226" machi="50" ten="30,2900,0" yaku="8,1,54,1" doraHai="67" who="1" fromWho="3" sc="200,0,431,29,81,0,288,-29" /><INIT seed="5,4,0,1,0,105" ten="200,460,81,259" oya="1" hai0="112,116,55,59,97,129,122,42,80,24,132,99,35" hai1="47,74,11,103,14,34,85,3,79,104,135,40,23" hai2="4,94,39,72,61,30,8,67,88,66,37,119,48" hai3="58,96,29,22,130,19,111,84,0,101,77,90,76"/><U89/><E34/><V63/><F119/><W98/><G0/><T106/><D116/><U86/><E3/><V68/><F30/><W95/><G111/><T20/><D42/><U70/><E70/><V52/><F72/><W18/><G130/><T75/><D35/><U17/><E135/><V33/><F33/><W26/><G98/><T7/><D132/><U108/><E108/><V65/><F65/><W83/><G19/><T28/><D7/><U46/><E46/><V92/><F92/><W57/><G18/><T114/><D129/><U110/><E110/><V124/><F124/><W131/><G131/><T93/><D106/><U81/><E104/><V120/><F120/><W71/><G71/><T56/><D122/><U16/><E103/><V133/><F133/><W78/><AGARI ba="4,0" hai="22,26,29,57,58,76,77,78,83,84,90,95,96,101" machi="78" ten="30,2000,0" yaku="0,1,8,1" doraHai="105" who="3" fromWho="3" sc="200,-9,460,-14,81,-9,259,32" /><INIT seed="6,0,0,5,4,37" ten="191,446,72,291" oya="2" hai0="33,16,84,61,60,65,15,46,80,10,71,73,38" hai1="47,25,57,113,127,88,1,109,129,29,0,72,99" hai2="120,42,131,53,108,94,27,67,103,26,122,119,55" hai3="49,17,83,43,110,59,35,118,133,50,2,92,5"/><V106/><F106/><W6/><G110/><T22/><D33/><U107/><E109/><V132/><F67/><W134/><G35/><T3/><D73/><U121/><E72/><V97/><F108/><W13/><G118/><T20/><D60/><U8/><E121/><V95/><F119/><W18/><G2/><T14/><D14/><U21/><E129/><V128/><F103/><W45/><G17/><T111/><D111/><U75/><E75/><V56/><F56/><W69/><G69/><T52/><D3/><U125/><E113/><V66/><F66/><W4/><G92/><T48/><REACH who="0" step="1"/><D38/><REACH who="0" ten="181,446,72,291" step="2"/><U85/><E0/><V62/><F62/><W89/><G133/><T54/><D54/><U11/><E1/><V105/><F105/><W82/><G134/><T63/><D63/><U34/><E34/><V96/><REACH who="2" step="1"/><F132/><REACH who="2" ten="181,446,62,291" step="2"/><W123/><G123/><T51/><D51/><U19/><E127/><V90/><F90/><AGARI ba="0,2" hai="10,15,16,20,22,46,48,52,61,65,71,80,84,90" machi="90" ten="30,12000,2" yaku="1,1,7,1,25,2,54,2,53,1" doraHai="37" doraHaiUra="44" who="0" fromWho="2" sc="181,140,446,0,62,-120,291,0" owari="321,12,446,55,-58,-56,291,-11" /></mjloggm>