<mjloggm ver="2.3"><GO type="137" lobby="0"/><UN n0="%55%EF%BC%91%EF%BC%92" n1="%E3%81%AE%E3%81%B5%E5%8F%A3" n2="%E7%95%99%E8%90%8C" n3="%E3%81%88%E3%81%B3%E3%81%99%E3%81%BE%E3%82%8B" dan="10,12,12,12" rate="1550.66,1666.15,1616.45,1712.06" sx="M,M,M,M"/><TAIKYOKU oya="0"/><INIT seed="0,0,0,3,5,85" ten="250,250,250,250" oya="0" hai0="104,69,9,2,70,108,67,13,57,132,74,94,84" hai1="115,116,24,58,11,90,39,113,26,82,101,25,54" hai2="105,18,27,38,36,93,83,14,110,5,12,7,15" hai3="73,123,133,72,128,96,41,60,51,66,77,61,64"/><T125/><D104/><U107/><E116/><V62/><F105/><W10/><G10/><T135/><D74/><U21/><E39/><V88/><F83/><W124/><G96/><T23/><D2/><U80/><E107/><V33/><F110/><W126/><G77/><T63/><D23/><U22/><E101/><V49/><F62/><N who="3" m="24171" /><G123/><T100/><D125/><N who="3" m="48233" /><G128/><T31/><D31/><U65/><E65/><N who="3" m="25194" /><G133/><N who="0" m="51275" /><D100/><U44/><E44/><AGARI ba="0,0" hai="41,44,51,72,73" m="25194,48233,24171" machi="44" ten="30,1000,0" yaku="18,1" doraHai="85" who="3" fromWho="1" sc="250,0,250,-10,250,0,250,10" /><INIT seed="1,0,0,0,4,94" ten="250,240,250,260" oya="1" hai0="102,99,42,83,109,61,85,106,117,64,82,45,73" hai1="91,77,4,15,108,78,40,18,6,76,28,125,26" hai2="89,67,104,5,38,122,58,50,8,51,53,113,128" hai3="59,123,48,110,95,96,16,21,23,2,29,135,57"/><U72/><E125/><V103/><F122/><W52/><G2/><T20/><D109/><U24/><E72/><V98/><F38/><W88/><G110/><T54/><D117/><U60/><E108/><V13/><F128/><W121/><G135/><T93/><D73/><U46/><E60/><V14/><F113/><W107/><G59/><T47/><D106/><U80/><E28/><V39/><F39/><W69/><G69/><T71/><D83/><U12/><E40/><V36/><F36/><W130/><G130/><T74/><D74/><U132/><E46/><V115/><F115/><W120/><G29/><T19/><D42/><U55/><E55/><V68/><F89/><W41/><G23/><T32/><D32/><U27/><E132/><V129/><F129/><W11/><G11/><T111/><D111/><U43/><E43/><V3/><REACH who="2" step="1"/><F51/><REACH who="2" ten="250,240,240,260" step="2"/><W70/><G123/><T84/><D47/><U49/><E49/><V17/><F17/><W0/><G107/><T1/><D45/><U35/><E35/><V22/><F22/><W81/><G41/><T37/><D37/><U44/><E44/><V126/><F126/><W25/><G0/><T105/><D1/><U133/><E133/><V134/><F134/><W34/><G34/><T100/><D105/><U87/><E18/><V112/><F112/><W66/><REACH who="3" step="1"/><G81/><REACH who="3" ten="250,240,240,250" step="2"/><T101/><D82/><U86/><E80/><V118/><F118/><W119/><G119/><T7/><D20/><U79/><N who="1" m="19968" /><DORA hai="31" /><U75/><E75/><V9/><F9/><W30/><G30/><T97/><D19/><U65/><E65/><RYUUKYOKU ba="0,2" sc="250,-15,240,-15,240,15,250,15" hai2="3,5,8,13,14,50,53,58,67,68,98,103,104" hai3="16,21,25,48,52,57,66,70,88,95,96,120,121" /><INIT seed="2,1,2,0,1,4" ten="235,225,255,265" oya="2" hai0="87,127,47,124,18,107,132,81,103,55,26,83,62" hai1="46,75,0,112,56,129,116,30,65,77,36,59,34" hai2="20,10,113,78,49,99,3,40,16,109,98,76,110" hai3="35,97,51,54,39,106,12,64,27,6,69,122,33"/><V104/><F113/><W66/><G35/><T57/><D132/><U22/><E116/><V41/><F3/><W43/><G122/><T123/><D123/><U53/><E112/><V68/><F68/><W125/><G39/><T82/><D107/><U126/><E129/><V94/><F104/><W19/><G6/><T131/><D103/><U96/><E126/><V91/><F98/><W24/><G125/><T115/><D131/><U88/><E0/><V50/><F10/><W73/><G43/><N who="2" m="16457" /><F20/><W79/><G106/><T44/><D115/><U5/><E34/><V31/><F31/><W37/><G37/><T95/><D124/><U72/><E36/><V71/><F71/><W80/><G97/><T101/><D127/><U60/><E5/><V21/><F50/><W7/><G7/><T84/><D26/><N who="1" m="16727" /><E75/><V128/><F49/><W38/><G38/><T130/><D18/><U135/><E72/><V134/><F134/><W67/><G33/><T17/><D17/><U9/><E77/><N who="2" m="29803" /><F128/><W117/><G117/><T102/><D130/><U119/><E135/><V105/><F105/><W90/><G69/><T133/><D133/><U120/><E46/><N who="0" m="17449" /><D102/><U121/><E119/><V86/><F99/><AGARI ba="1,2" hai="55,57,62,81,82,83,84,87,95,99,101" m="17449" machi="99" ten="30,1000,0" yaku="8,1" doraHai="4" who="0" fromWho="2" sc="235,33,225,0,255,-13,265,0" /><INIT seed="3,0,0,1,3,87" ten="268,225,242,265" oya="3" hai0="97,49,113,79,53,89,126,100,9,82,50,112,133" hai1="117,111,52,68,13,129,39,4,41,58,44,101,127" hai2="66,47,98,74,106,54,3,12,95,83,32,61,77" hai3="10,96,56,63,125,108,123,43,94,132,88,27,116"/><W131/><G43/><T60/><D126/><U86/><E117/><V103/><F3/><W28/><G116/><T90/><D133/><U99/><E111/><V16/><F32/><W122/><G125/><T128/><D128/><U37/><E127/><V57/><F106/><W38/><G131/><T26/><D26/><U91/><E129/><V24/><F24/><W36/><G132/><T110/><D110/><U45/><E68/><V17/><F12/><W25/><G108/><T21/><D113/><U42/><E13/><V85/><F74/><W15/><G27/><T69/><D21/><U72/><E72/><V114/><REACH who="2" step="1"/><F114/><REACH who="2" ten="268,225,232,265" step="2"/><W55/><G38/><T92/><D112/><U20/><E4/><V2/><F2/><W1/><G36/><T65/><D9/><U120/><E120/><V5/><F5/><W84/><G1/><T31/><D31/><U51/><E20/><V134/><F134/><W14/><G14/><T7/><D7/><U35/><E35/><V104/><F104/><W75/><G75/><T62/><D49/><AGARI ba="0,1" hai="16,17,47,49,54,57,61,66,77,83,85,95,98,103" machi="49" ten="40,5200,0" yaku="1,1,8,1,54,1,53,0" doraHai="87" doraHaiUra="105" who="2" fromWho="0" sc="268,-52,225,0,232,62,265,0" /><INIT seed="4,0,0,1,0,12" ten="216,225,294,265" oya="0" hai0="48,75,83,89,118,108,46,32,55,10,53,126,9" hai1="77,63,128,97,90,62,1,112,52,57,4,105,99" hai2="129,125,80,72,15,60,134,117,39,64,13,127,79" hai3="116,18,45,69,27,16,19,71,34,21,102,76,42"/><T123/><D123/><U133/><E133/><V87/><F39/><W54/><G76/><T74/><D118/><U38/><E128/><V132/><F72/><W44/><G116/><T20/><D108/><U6/><E112/><V88/><F15/><W82/><G82/><T135/><D126/><N who="2" m="48138" /><F13/><W24/><G102/><T50/><D20/><U81/><E38/><V115/><F64/><W43/><G54/><T8/><D135/><N who="2" m="51754" /><F60/><W95/><G95/><T68/><D32/><U25/><E105/><V14/><F14/><W130/><G130/><T121/><D68/><U7/><E1/><V86/><F117/><W59/><G59/><T47/><D121/><U51/><E25/><V131/><F115/><W67/><G71/><T111/><D111/><U110/><E110/><V114/><F114/><W78/><G78/><T73/><D75/><U61/><E77/><V56/><F56/><W94/><G94/><AGARI ba="0,0" hai="79,80,86,87,88,94,129,131" m="51754,48138" machi="94" ten="30,12000,2" yaku="30,2,18,1,20,1,34,2,54,1" doraHai="12" who="2" fromWho="3" sc="216,0,225,0,294,120,265,-120" /><INIT seed="5,0,0,2,3,96" ten="216,225,414,145" oya="1" hai0="13,4,51,49,121,67,70,130,111,76,120,128,69" hai1="77,106,117,59,71,100,124,122,57,9,26,103,3" hai2="68,1,97,63,80,133,94,35,44,12,22,52,89" hai3="66,34,58,79,40,131,64,75,72,23,127,7,60"/><U56/><E71/><N who="0" m="27145" /><D76/><U32/><E106/><V118/><F118/><W8/><G34/><T88/><D13/><U5/><E117/><V18/><F35/><W123/><G123/><N who="0" m="47179" /><D4/><U107/><E122/><V41/><F1/><W53/><G127/><T115/><D88/><U2/><E107/><V28/><F133/><W87/><G131/><N who="0" m="50219" /><D67/><U21/><E124/><V43/><F68/><W65/><G40/><N who="2" m="15433" /><F80/><W30/><G87/><T82/><D82/><U112/><E112/><V55/><F28/><W11/><G79/><T29/><D29/><U47/><E32/><V110/><F110/><W45/><G45/><T108/><D115/><U61/><E77/><V0/><F0/><W93/><G93/><T31/><D31/><U125/><E125/><V109/><F109/><AGARI ba="0,0" hai="49,51,108,109,111" m="50219,47179,27145" machi="109" ten="40,12000,2" yaku="28,2,13,1,19,1,34,2" doraHai="96" who="0" fromWho="2" sc="216,120,225,0,414,-120,145,0" /><INIT seed="6,0,0,0,5,110" ten="336,225,294,145" oya="2" hai0="60,71,81,47,27,90,32,24,77,104,48,133,37" hai1="75,10,59,5,91,9,83,66,11,65,94,41,115" hai2="126,103,38,30,98,131,4,89,23,44,49,63,82" hai3="34,105,124,123,61,58,29,21,45,12,112,134,16"/><V33/><F38/><W114/><G105/><T72/><D90/><U3/><E59/><V99/><F33/><W102/><G102/><T31/><D133/><U121/><E121/><V127/><F4/><W50/><G134/><T55/><D24/><U85/><E65/><V20/><F63/><W108/><G123/><T76/><D55/><U87/><E66/><V128/><F82/><W113/><G108/><T18/><D48/><U74/><E74/><V56/><F89/><W111/><G111/><T8/><D18/><U46/><E85/><V109/><F56/><W52/><G34/><T13/><D8/><U93/><E93/><N who="2" m="58831" /><F99/><W96/><G96/><T106/><D13/><U40/><E40/><N who="2" m="24711" /><F109/><W125/><G29/><T17/><D17/><U84/><E84/><V132/><F132/><W117/><G117/><T70/><D60/><U69/><E69/><N who="0" m="26121" /><D77/><N who="1" m="44479" /><E10/><V42/><F42/><AGARI ba="0,0" hai="12,16,21,42,45,50,52,58,61,112,113,114,124,125" machi="42" ten="40,12000,2" yaku="15,1,11,1,52,3,54,2" doraHai="110" who="3" fromWho="2" sc="336,0,225,0,294,-120,145,120" /><AGARI ba="0,0" hai="27,31,32,37,42,47,72,76,81,104,106" m="26121" machi="42" ten="30,2000,0" yaku="33,2" doraHai="110" who="0" fromWho="2" sc="336,20,225,0,174,-20,265,0" /><INIT seed="7,0,0,2,3,99" ten="356,225,154,265" oya="3" hai0="105,121,129,35,12,46,7,58,76,53,128,126,103" hai1="104,80,70,57,130,117,86,14,114,3,125,118,87" hai2="113,50,49,5,34,27,72,56,119,4,59,38,90" hai3="102,42,69,24,15,1,65,92,73,13,2,17,115"/><W36/><G73/><T31/><D76/><U10/><E70/><V32/><F72/><W84/><G1/><T61/><D121/><U77/><E3/><V116/><F38/><W23/><G2/><T95/><D95/><U21/><E21/><V63/><F113/><W44/><G115/><T78/><D78/><U55/><E114/><V107/><F107/><W28/><G69/><T83/><D83/><U124/><E104/><V134/><F90/><W135/><G135/><T6/><D12/><U16/><E130/><N who="0" m="50281" /><D46/><U71/><E71/><V29/><F134/><W48/><G36/><T91/><D91/><U43/><E43/><V64/><F119/><N who="1" m="45577" /><E77/><V94/><F116/><W39/><G39/><T11/><D126/><N who="1" m="48747" /><E80/><V20/><F94/><W98/><G65/><T62/><D11/><U111/><E111/><V93/><F93/><N who="3" m="58703" /><G28/><T51/><D7/><U122/><E122/><V85/><F85/><W18/><G18/><T60/><D6/><U22/><E10/><V19/><F4/><W30/><G30/><T33/><D31/><U26/><E26/><V41/><F5/><W9/><G9/><T0/><D0/><U100/><E100/><V8/><F8/><W101/><G84/><T120/><D120/><U47/><E47/><V25/><F41/><W67/><G67/><T52/><D33/><U54/><E54/><V96/><F34/><W123/><G123/><T45/><D35/><U75/><E75/><V81/><F32/><W66/><G66/><T108/><D108/><U127/><N who="1" m="48755" /><U88/><DORA hai="37" /><E88/><V133/><F29/><W89/><G89/><RYUUKYOKU ba="0,0" sc="356,10,225,10,154,-30,265,10" hai0="45,51,52,53,58,60,61,62,103,105" hai1="14,16,22,55,57,86,87" hai3="13,15,17,23,24,42,44,48,92,101" /><INIT seed="7,1,0,2,5,54" ten="366,235,124,275" oya="3" hai0="89,62,80,14,84,71,94,30,81,32,135,128,53" hai1="85,0,107,97,126,101,11,55,95,133,49,35,66" hai2="64,19,67,73,17,75,115,77,76,5,58,38,25" hai3="20,10,12,99,72,43,48,102,129,7,56,15,27"/><W93/><G72/><T6/><D135/><U26/><E133/><V51/><F38/><W124/><G129/><T134/><D128/><U2/><E126/><V29/><F5/><W98/><G124/><T111/><D134/><U47/><E35/><V110/><F110/><W90/><G43/><T130/><D111/><U46/><E66/><V36/><F115/><W23/><G15/><T74/><D74/><U13/><E26/><V108/><F108/><W100/><G99/><T70/><D130/><U60/><E60/><V68/><F36/><W88/><G102/><T52/><D30/><U63/><E63/><V24/><F68/><W41/><G23/><T131/><D32/><U1/><E85/><V69/><F69/><W87/><G87/><T109/><D6/><U65/><E65/><V16/><F51/><W105/><G105/><T116/><D14/><U79/><E79/><N who="2" m="30283" /><F64/><W21/><G21/><T28/><D62/><U123/><E123/><V120/><F67/><W106/><G106/><T117/><D28/><U8/><E107/><V9/><F29/><N who="3" m="17639" /><G41/><T61/><D61/><U78/><E78/><V96/><F75/><W91/><G48/><T4/><D4/><U82/><E82/><V132/><F73/><W40/><G40/><T42/><D42/><U104/><E104/><V18/><F132/><W121/><G121/><T122/><D109/><U57/><REACH who="1" step="1"/><E8/><REACH who="1" ten="366,225,124,275" step="2"/><V59/><N who="2" m="4608" /><DORA hai="45" /><V118/><F9/><W103/><G103/><T34/><D122/><U44/><E44/><V31/><F120/><W113/><G113/><T127/><D131/><U114/><E114/><RYUUKYOKU ba="1,1" sc="366,-15,225,15,124,-15,275,15" hai1="0,1,2,11,13,46,47,49,55,57,95,97,101" hai3="7,10,12,56,88,90,91,93,98,100" /><INIT seed="7,2,1,1,0,27" ten="351,240,109,290" oya="3" hai0="105,30,82,117,99,119,100,2,62,28,41,11,134" hai1="126,77,69,38,104,65,113,68,122,23,54,110,47" hai2="108,46,48,24,5,128,42,9,75,36,87,35,18" hai3="43,52,61,130,106,59,4,14,53,60,20,15,57"/><W67/><G106/><T103/><D41/><U97/><E122/><V70/><F75/><W37/><G130/><T55/><D134/><U88/><E110/><V74/><F108/><W26/><G37/><T19/><D82/><U49/><E77/><V84/><F128/><W45/><G4/><T98/><D62/><U64/><E23/><V25/><F74/><W16/><G43/><T107/><D55/><U91/><E126/><V86/><F70/><W115/><G115/><T29/><D19/><U50/><E104/><V129/><F129/><W132/><G132/><T109/><D109/><U12/><E12/><V8/><F36/><W112/><G112/><T135/><D135/><U124/><E124/><V96/><F35/><W66/><G45/><T80/><D80/><U93/><E113/><V90/><F25/><W114/><G114/><T7/><AGARI ba="2,1" hai="2,7,11,28,29,30,98,99,100,103,105,107,117,119" machi="7" ten="30,8000,1" yaku="0,1,9,1,52,3" doraHai="27" who="0" fromWho="0" sc="351,96,240,-22,109,-22,290,-42" owari="447,54,218,-18,87,-41,248,5" /></mjloggm>