<mjloggm ver="2.3"><GO type="137" lobby="0"/><UN n0="%E3%81%88%E3%81%B3%E3%81%99%E3%81%BE%E3%82%8B" n1="%74%61%6B%65%73%6F%6E" n2="%E7%95%99%E8%90%8C" n3="%64%61%69%64%61%69%35%35" dan="12,14,12,11" rate="1715.81,1864.26,1590.52,1661.38" sx="M,M,M,M"/><TAIKYOKU oya="0"/><INIT seed="0,0,0,1,2,26" ten="250,250,250,250" oya="0" hai0="1,44,6,132,9,12,95,107,5,81,102,46,16" hai1="52,43,109,63,110,83,61,123,67,27,84,98,58" hai2="32,55,35,23,126,116,65,89,96,62,73,0,127" hai3="124,97,69,15,99,128,135,120,85,54,76,20,78"/><T14/><D107/><U60/><E43/><V68/><F73/><W30/><G120/><T131/><D132/><U40/><E40/><V56/><F0/><W104/><G69/><T4/><D131/><U45/><E123/><V50/><F116/><W113/><G135/><T91/><D1/><U47/><E98/><V130/><F23/><W88/><G128/><T125/><D125/><N who="2" m="47626" /><F130/><W33/><G33/><T22/><D102/><U19/><E19/><V134/><F134/><W24/><G124/><T11/><D81/><U75/><E75/><V53/><F53/><W117/><G117/><T48/><D46/><N who="1" m="17419" /><E27/><V28/><F28/><W36/><G36/><T74/><D74/><U119/><E119/><V111/><F111/><N who="1" m="42505" /><E67/><V87/><F96/><N who="3" m="36939" /><G104/><T121/><D121/><U59/><E59/><V100/><F100/><W38/><G38/><T41/><D22/><U17/><E17/><V49/><F49/><W66/><G66/><T2/><D2/><U129/><E129/><V64/><F64/><W122/><G122/><T51/><D51/><N who="1" m="31007" /><E84/><AGARI ba="0,0" hai="4,5,6,9,11,12,14,16,41,44,48,84,91,95" machi="84" ten="30,5800,0" yaku="7,1,8,1,54,1" doraHai="26" who="0" fromWho="1" sc="250,58,250,-58,250,0,250,0" /><INIT seed="0,1,0,2,2,59" ten="308,192,250,250" oya="0" hai0="108,81,82,86,130,43,87,16,3,54,107,36,129" hai1="51,109,78,75,26,126,24,102,41,89,127,72,100" hai2="69,57,49,103,68,20,50,65,55,92,132,131,135" hai3="106,29,70,67,112,60,101,34,47,110,25,119,96"/><T116/><D3/><U40/><E89/><V13/><F92/><W124/><G112/><T18/><D116/><U117/><E51/><V125/><F103/><W63/><G119/><T64/><D64/><U44/><E117/><V90/><F90/><W10/><G124/><T76/><D107/><U28/><E44/><V105/><F105/><W52/><G110/><T2/><D2/><U91/><E91/><V99/><F99/><W122/><G122/><T33/><D108/><U56/><E56/><V98/><F98/><W83/><G83/><T120/><D120/><U123/><E123/><V45/><F125/><W15/><G47/><T0/><D0/><U17/><E109/><V5/><F131/><N who="0" m="50186" /><D54/><U84/><E84/><N who="0" m="32297" /><D76/><U19/><REACH who="1" step="1"/><E28/><REACH who="1" ten="308,182,250,250" step="2"/><V39/><F45/><W77/><G77/><AGARI ba="1,1" hai="17,19,24,26,40,41,72,75,77,78,100,102,126,127" machi="77" ten="25,6400,0" yaku="1,1,2,1,22,2,53,0" doraHai="59" doraHaiUra="58" who="1" fromWho="3" sc="308,0,182,77,250,0,250,-67" /><INIT seed="1,0,0,4,0,50" ten="308,259,250,183" oya="1" hai0="7,68,78,34,8,134,98,80,61,70,58,25,127" hai1="88,123,92,125,86,2,21,53,28,81,49,67,129" hai2="99,31,9,37,104,65,79,132,46,17,33,22,101" hai3="113,32,3,59,90,48,26,73,12,120,111,122,24"/><U23/><E2/><V15/><F79/><W85/><G3/><T72/><D98/><U64/><E123/><V45/><F65/><N who="1" m="25161" /><E129/><V77/><F77/><W115/><G73/><T39/><D127/><U52/><E125/><V55/><F132/><W69/><G69/><T87/><D134/><U107/><E107/><V11/><F37/><W13/><G111/><T94/><D39/><U106/><E106/><V63/><F46/><W97/><G97/><T57/><D34/><U42/><E42/><V95/><F104/><W38/><G38/><T110/><D110/><U133/><E133/><V56/><REACH who="2" step="1"/><F45/><REACH who="2" ten="308,259,240,183" step="2"/><W41/><G26/><AGARI ba="0,1" hai="9,11,15,17,22,26,31,33,55,56,63,95,99,101" machi="26" ten="40,5200,0" yaku="1,1,2,1,52,1,53,0" doraHai="50" doraHaiUra="131" who="2" fromWho="3" sc="308,0,259,0,240,62,183,-52" /><INIT seed="2,0,0,4,4,24" ten="308,259,302,131" oya="2" hai0="9,48,31,126,25,21,22,61,47,19,14,75,18" hai1="7,124,5,6,27,114,88,104,77,58,120,66,2" hai2="97,64,39,38,52,80,100,83,37,53,17,59,3" hai3="13,110,43,119,117,109,45,95,89,12,82,91,10"/><V129/><F3/><W35/><G35/><T54/><D75/><U102/><E77/><V131/><F17/><W4/><G82/><T96/><D126/><U33/><E124/><V116/><F116/><W112/><G112/><T87/><D87/><U99/><E114/><V72/><F72/><W92/><G13/><T8/><D96/><U93/><E120/><V71/><F71/><W42/><G45/><T20/><D61/><U50/><E2/><V125/><F125/><W70/><G70/><T1/><D1/><U68/><E50/><V107/><F64/><W23/><G23/><T123/><D123/><U56/><E58/><V41/><F41/><N who="3" m="15371" /><G12/><AGARI ba="0,0" hai="8,9,12,14,18,19,20,21,22,25,31,47,48,54" machi="12" ten="30,7700,0" yaku="7,1,9,1,8,1,52,1" doraHai="24" who="0" fromWho="3" sc="308,77,259,0,302,0,131,-77" /><INIT seed="3,0,0,1,2,80" ten="385,259,302,54" oya="3" hai0="116,105,69,103,109,48,41,98,123,23,51,100,7" hai1="59,81,15,95,32,3,65,4,17,0,108,77,70" hai2="121,28,67,129,97,31,10,56,16,124,85,2,27" hai3="88,12,93,14,25,117,71,66,111,20,79,76,96"/><W54/><G117/><T78/><D69/><U127/><E70/><V35/><F124/><W110/><G71/><T44/><D116/><U86/><E127/><V94/><F121/><W90/><G66/><T9/><D123/><U112/><E112/><V119/><F119/><W43/><G43/><T131/><D131/><U24/><E108/><N who="3" m="41514" /><G54/><T118/><D109/><U53/><E65/><V72/><F129/><W64/><G64/><T39/><D118/><U113/><E113/><V83/><F72/><W89/><G79/><T107/><D23/><U58/><E58/><V18/><F31/><N who="3" m="17831" /><G76/><T84/><D103/><AGARI ba="0,0" hai="12,14,88,89,90,93,96,103" m="17831,41514" machi="103" ten="30,5800,0" yaku="14,1,10,1,54,1" doraHai="80" who="3" fromWho="0" sc="385,-58,259,0,302,0,54,58" /><INIT seed="3,1,0,2,1,101" ten="327,259,302,112" oya="3" hai0="64,51,132,96,93,14,20,1,5,135,23,126,12" hai1="33,76,9,6,57,86,39,28,75,47,120,100,68" hai2="65,22,0,4,105,134,7,133,49,130,62,36,102" hai3="88,10,48,11,92,52,106,73,74,21,127,116,89"/><W69/><G116/><T112/><D64/><U63/><E75/><V55/><F36/><W61/><G74/><T77/><D77/><U118/><E120/><V98/><F130/><W40/><G73/><T44/><D126/><U108/><E68/><V72/><F72/><W29/><G89/><T124/><D124/><U58/><E57/><V59/><F22/><W78/><G78/><T56/><D56/><U115/><E33/><V16/><F16/><W110/><G127/><T13/><D112/><U83/><E28/><V24/><F24/><W15/><G110/><T81/><D81/><U128/><E128/><V113/><F113/><W99/><G106/><T53/><D1/><U42/><E108/><V80/><F80/><W97/><G69/><T125/><D125/><U8/><E8/><N who="3" m="3114" /><G61/><T70/><D5/><U67/><E115/><V54/><F0/><W37/><G37/><T95/><D70/><U71/><E71/><V85/><F85/><N who="3" m="52239" /><G40/><T38/><D38/><U129/><E129/><V109/><F109/><W111/><G111/><T25/><D96/><U41/><E41/><V82/><F98/><W34/><G34/><T17/><REACH who="0" step="1"/><D23/><REACH who="0" ten="317,259,302,112" step="2"/><U27/><E118/><V46/><F105/><W31/><G31/><T45/><D45/><U43/><E47/><V104/><F46/><N who="3" m="27671" /><G29/><T103/><D103/><U107/><E100/><V30/><F102/><W131/><G131/><T90/><D90/><U18/><E107/><V32/><F30/><W121/><G121/><T119/><D119/><U123/><E123/><V60/><F104/><W35/><G35/><T50/><D50/><RYUUKYOKU ba="1,1" sc="317,15,259,-15,302,-15,112,15" hai0="12,13,14,17,20,25,44,51,53,93,95,132,135" hai3="15,21,97,99" /><INIT seed="3,2,1,1,5,76" ten="332,244,287,127" oya="3" hai0="39,83,66,78,28,55,49,48,77,23,22,16,56" hai1="98,135,6,128,125,127,117,73,4,79,24,44,17" hai2="45,41,74,70,129,21,121,38,1,0,47,88,65" hai3="51,64,43,67,119,68,97,89,95,10,72,87,109"/><W132/><G119/><T36/><D28/><U105/><E117/><V13/><F74/><W18/><G72/><T11/><D66/><U3/><E17/><V52/><F121/><W131/><G68/><T50/><D11/><U103/><E24/><V71/><F129/><W115/><G115/><T96/><D96/><U75/><E128/><V85/><F1/><W57/><G131/><T90/><D39/><U108/><E75/><V134/><F134/><W32/><G32/><T124/><D124/><N who="1" m="47691" /><E135/><V94/><F0/><W118/><G118/><T100/><D36/><U54/><E54/><V92/><F92/><W9/><G132/><T113/><D113/><U102/><E102/><V30/><F65/><W93/><G109/><T46/><D100/><U35/><E44/><V122/><F122/><W101/><G64/><T34/><D34/><U20/><E20/><V2/><F2/><W5/><G18/><T63/><D23/><U106/><E6/><V69/><F69/><W7/><G43/><T60/><D60/><U27/><E35/><V114/><F114/><W120/><G120/><T86/><REACH who="0" step="1"/><D46/><REACH who="0" ten="322,244,287,127" step="2"/><U58/><E103/><V37/><F47/><W110/><G110/><T91/><D91/><U42/><E98/><V53/><F37/><W99/><G99/><T107/><D107/><U123/><E106/><V14/><F30/><W29/><G29/><T126/><D126/><U111/><E105/><V31/><F31/><W116/><G116/><T19/><D19/><U59/><E111/><V40/><F21/><W15/><G67/><T84/><D84/><U33/><E108/><RYUUKYOKU ba="2,2" sc="322,30,244,-10,287,-10,127,-10" hai0="16,22,48,49,50,55,56,63,77,78,83,86,90" /><INIT seed="4,3,2,3,0,135" ten="352,234,277,117" oya="0" hai0="77,57,114,93,109,62,129,132,33,31,103,76,46" hai1="53,10,127,119,64,98,18,126,4,52,0,50,21" hai2="115,17,42,5,37,101,7,94,125,12,107,28,121" hai3="19,128,25,134,70,26,124,41,27,59,86,88,13"/><T9/><D132/><U47/><E64/><V131/><F107/><W73/><G134/><T105/><D109/><U48/><E119/><V122/><F28/><W117/><G117/><T44/><D105/><U67/><E67/><V11/><F115/><W85/><G73/><T89/><D114/><U68/><E68/><V40/><F131/><W71/><G128/><T100/><D129/><U30/><E30/><V32/><F32/><W74/><G74/><T84/><D33/><U116/><E98/><V34/><F34/><W78/><G41/><T108/><D31/><U110/><E116/><V36/><F125/><N who="1" m="47625" /><E110/><V60/><F60/><W111/><G124/><T58/><D108/><U96/><E96/><V3/><F3/><W14/><G111/><T66/><D58/><N who="1" m="33031" /><E18/><V91/><F101/><N who="0" m="38986" /><D9/><U75/><E75/><V120/><F37/><W61/><G70/><T118/><D118/><U63/><E63/><V2/><F2/><W79/><G71/><T83/><D76/><N who="3" m="29225" /><G86/><AGARI ba="3,2" hai="44,46,57,62,66,77,83,84,86,89,93" m="38986" machi="86" ten="30,1500,0" yaku="8,1" doraHai="135" who="0" fromWho="3" sc="352,44,234,0,277,0,117,-24" /><INIT seed="4,4,0,3,2,18" ten="396,234,277,93" oya="0" hai0="63,89,73,72,35,97,132,57,86,134,45,85,56" hai1="69,3,54,109,13,90,103,99,124,27,19,111,87" hai2="121,40,123,23,0,84,22,5,77,67,48,122,53" hai3="126,96,28,14,33,38,131,2,105,8,42,7,115"/><T43/><D35/><U113/><E3/><V129/><F129/><W135/><G131/><T50/><D97/><U68/><E27/><V60/><F5/><W6/><G115/><T4/><D4/><U71/><E113/><V75/><F0/><N who="3" m="71" /><G135/><N who="0" m="51755" /><D57/><U133/><E133/><V46/><F75/><N who="0" m="28746" /><D89/><U30/><E30/><V94/><F40/><W11/><G14/><T81/><D81/><U112/><E112/><V116/><F116/><W16/><G126/><T80/><D80/><U82/><E54/><AGARI ba="4,0" hai="43,45,50,54,56,63,85,86" m="28746,51755" machi="54" ten="30,1500,0" yaku="20,1" doraHai="18" who="0" fromWho="1" sc="396,27,234,-27,277,0,93,0" /><INIT seed="4,5,0,4,2,67" ten="423,207,277,93" oya="0" hai0="39,33,102,10,53,15,88,93,86,30,66,6,48" hai1="12,58,54,96,3,113,62,84,94,2,26,85,63" hai2="1,106,89,9,120,112,82,70,95,119,44,132,121" hai3="97,103,35,115,0,41,17,72,19,80,91,20,14"/><T65/><D39/><U52/><E113/><V83/><F106/><W75/><G115/><T21/><D33/><U34/><E12/><V126/><F112/><W125/><G35/><T37/><D37/><U116/><E116/><V81/><F119/><W111/><G111/><T61/><D102/><U127/><E127/><V64/><F44/><W118/><G118/><T25/><REACH who="0" step="1"/><D61/><REACH who="0" ten="413,207,277,93" step="2"/><U98/><E34/><V43/><F126/><W123/><G125/><T110/><D110/><U100/><E2/><V133/><F43/><W32/><G123/><T47/><AGARI ba="5,1" hai="6,10,15,21,25,30,47,48,53,65,66,86,88,93" machi="47" ten="20,12000,1" yaku="1,1,0,1,7,1,8,1,54,1,53,0" doraHai="67" doraHaiUra="129" who="0" fromWho="0" sc="413,145,207,-45,277,-45,93,-45" /><INIT seed="4,6,0,5,0,32" ten="558,162,232,48" oya="0" hai0="14,126,105,39,58,100,29,112,110,125,87,18,84" hai1="40,2,44,132,115,73,103,64,21,43,98,50,52" hai2="67,102,104,59,109,24,22,0,81,69,45,10,83" hai3="101,15,60,20,133,111,8,122,134,79,16,86,77"/><T5/><D29/><U127/><E73/><V107/><F109/><W48/><G111/><T74/><D110/><U96/><E132/><N who="3" m="50794" /><G101/><T124/><D74/><U117/><E127/><V11/><F69/><W1/><G122/><T89/><D39/><U95/><E117/><V76/><F0/><W106/><G106/><T65/><D5/><U72/><E72/><V85/><F107/><W118/><G118/><T25/><D25/><U121/><E2/><V55/><F45/><W9/><G9/><N who="2" m="3081" /><F104/><W135/><N who="3" m="50802" /><W116/><DORA hai="119" /><G116/><T27/><D27/><U94/><E64/><V66/><F102/><W36/><G36/><T131/><D131/><U13/><E115/><V47/><F47/><W12/><G60/><N who="0" m="38039" /><D112/><U46/><E46/><V3/><F3/><W38/><G38/><T93/><D105/><U128/><E128/><V17/><F83/><N who="3" m="47471" /><G79/><T114/><D114/><U82/><E82/><V6/><F6/><N who="3" m="1103" /><G48/><AGARI ba="6,0" hai="17,22,24,48,55,59,66,67,76,81,85" m="3081" machi="48" ten="30,1000,0" yaku="8,1" doraHai="32,119" who="2" fromWho="3" sc="558,0,162,0,232,28,48,-28" /><INIT seed="5,0,0,4,2,91" ten="558,162,260,20" oya="1" hai0="99,31,43,69,87,118,129,76,23,25,126,20,82" hai1="13,66,68,97,21,72,125,3,33,131,113,38,26" hai2="49,103,130,24,41,35,100,127,116,90,101,4,114" hai3="12,108,62,86,59,81,44,121,80,107,54,1,104"/><U74/><E33/><V45/><F116/><W8/><G121/><T7/><D69/><U65/><E3/><V128/><F4/><W88/><G1/><T106/><D118/><U123/><E123/><V56/><F90/><W60/><G108/><T6/><D126/><U83/><E38/><V124/><F56/><W34/><G34/><T9/><D129/><N who="2" m="49770" /><F114/><W17/><G80/><T98/><D43/><U5/><E131/><V47/><F47/><W75/><G75/><T70/><D70/><U51/><E74/><V10/><F10/><W0/><G0/><T115/><D115/><U67/><E113/><V73/><F73/><W19/><G44/><T53/><D9/><N who="1" m="4271" /><E68/><V32/><F24/><W37/><G37/><T29/><D106/><U46/><E125/><AGARI ba="0,0" hai="32,35,41,45,49,100,101,103,124,125,127" m="49770" machi="125" ten="40,2600,0" yaku="18,1,19,1" doraHai="91" who="2" fromWho="1" sc="558,0,162,-26,260,26,20,0" /><INIT seed="6,0,0,3,2,31" ten="558,136,286,20" oya="2" hai0="132,43,1,17,89,39,105,122,104,23,15,56,19" hai1="65,84,48,101,50,20,119,95,7,6,116,115,53" hai2="9,42,94,110,73,113,109,127,54,8,103,86,72" hai3="64,70,135,60,45,117,125,0,77,111,12,26,131"/><V129/><F42/><W102/><G117/><T88/><D1/><U52/><E65/><V55/><F113/><W38/><G111/><N who="2" m="42505" /><F127/><W124/><G102/><T25/><D122/><U133/><E133/><V106/><F129/><W93/><G0/><T35/><D132/><U47/><E115/><V78/><F106/><W97/><G131/><T85/><D43/><U99/><E116/><V92/><F8/><W112/><G135/><T114/><D114/><U27/><E84/><V87/><F9/><W118/><G118/><T59/><D39/><U83/><E83/><N who="2" m="45511" /><F55/><W2/><G2/><T130/><D130/><U82/><E82/><V33/><F54/><W4/><G4/><T24/><D85/><N who="2" m="32266" /><F33/><W62/><G112/><T18/><D18/><U108/><E108/><V121/><F73/><W36/><G77/><T3/><D3/><U11/><E11/><V16/><F16/><W58/><G45/><T69/><D35/><U14/><E14/><V29/><F29/><W49/><G26/><T63/><D15/><U81/><E81/><V51/><F51/><W10/><G49/><T5/><D5/><U91/><E119/><V126/><F121/><W61/><G61/><T41/><D41/><U120/><E120/><V80/><F126/><N who="3" m="48747" /><G62/><T22/><D63/><U90/><E6/><V34/><F34/><W79/><G70/><AGARI ba="0,0" hai="17,19,22,23,24,25,56,59,69,70,88,89,104,105" machi="70" ten="25,3200,0" yaku="22,2,54,1" doraHai="31" who="0" fromWho="3" sc="558,32,136,0,286,0,20,-32" owari="590,68,136,-26,286,9,-12,-51" /></mjloggm>