<mjloggm ver="2.3"><GO type="137" lobby="0"/><UN n0="%E7%95%99%E8%90%8C" n1="%E5%B0%8F%E6%9E%97%E8%B3%A2" n2="%E3%82%AD%E3%83%A5%E3%83%BC%E3%83%94%E3%83%BC" n3="%79%61%6B%75%73%77%61" dan="12,12,12,12" rate="1600.51,1848.60,1686.33,1784.25" sx="M,F,M,M"/><TAIKYOKU oya="0"/><INIT seed="0,0,0,1,5,80" ten="250,250,250,250" oya="0" hai0="10,119,52,19,113,83,54,77,132,15,112,51,68" hai1="127,1,38,65,34,60,7,109,48,70,121,99,108" hai2="81,33,103,66,62,59,87,69,118,24,85,93,58" hai3="6,89,30,94,46,11,133,130,40,75,116,78,44"/><T25/><D119/><U117/><E48/><V26/><F118/><W79/><G116/><T9/><D68/><U21/><E121/><V126/><F126/><W16/><G133/><T128/><D132/><U55/><E117/><V45/><F45/><W61/><G130/><T88/><D128/><U37/><E21/><V110/><F110/><N who="1" m="42601" /><E55/><N who="0" m="21033" /><D113/><U91/><E91/><V5/><F5/><W111/><G111/><T27/><D112/><U12/><E127/><V64/><F33/><W125/><G125/><T57/><D27/><N who="2" m="10282" /><F81/><W135/><G30/><T8/><D25/><U20/><E34/><V0/><F0/><W22/><G75/><T42/><D42/><U129/><E129/><V101/><F69/><W49/><G135/><T17/><D57/><N who="2" m="21514" /><F93/><W98/><G61/><T67/><D51/><U120/><E120/><V4/><F4/><W92/><G46/><T36/><D36/><U82/><E82/><V106/><F62/><W86/><G22/><N who="0" m="11583" /><D67/><N who="2" m="25642" /><F106/><W104/><G104/><T29/><D29/><U50/><E1/><V73/><F73/><W115/><G115/><T2/><D2/><U95/><E37/><V71/><F71/><W35/><G6/><T39/><D39/><U107/><E38/><V63/><F63/><W74/><G35/><T14/><D77/><U90/><E107/><V31/><F31/><W41/><G74/><T23/><D8/><N who="1" m="4127" /><E20/><V53/><F53/><W56/><G40/><T76/><D76/><U105/><E105/><V131/><F131/><W28/><G79/><T134/><D134/><U97/><E50/><V3/><F3/><W13/><G78/><RYUUKYOKU ba="0,0" sc="250,10,250,10,250,10,250,-30" hai0="9,10,14,19,23,83,88" hai1="60,65,70,90,95,97,99" hai2="85,87,101,103" /><INIT seed="0,1,0,5,2,27" ten="260,260,260,220" oya="0" hai0="131,98,59,128,23,117,38,67,57,42,82,111,22" hai1="0,61,123,37,90,105,116,121,34,73,83,51,15" hai2="109,100,55,91,6,28,7,31,134,70,11,88,12" hai3="63,9,110,58,20,66,99,33,41,104,80,118,62"/><T92/><D117/><U87/><E116/><V30/><F70/><W54/><G118/><T124/><D111/><U16/><E37/><V115/><F115/><W5/><G110/><T125/><D82/><U130/><E0/><V101/><F134/><W60/><G41/><T95/><D38/><U75/><E130/><N who="0" m="49705" /><D42/><U108/><E108/><V50/><F7/><W86/><G33/><T35/><D35/><U79/><E105/><V114/><F109/><W102/><G20/><N who="0" m="7723" /><D67/><U1/><E1/><V126/><F126/><N who="0" m="48746" /><D98/><U53/><E34/><V84/><F114/><W18/><G18/><T122/><D122/><U89/><E121/><V135/><F135/><W13/><G66/><T74/><D74/><U81/><E73/><V76/><F76/><AGARI ba="1,0" hai="5,9,13,54,58,60,62,63,76,80,86,99,102,104" machi="76" ten="30,1000,0" yaku="7,1" doraHai="27" who="3" fromWho="2" sc="260,0,260,0,260,-13,220,13" /><INIT seed="1,0,0,0,1,21" ten="260,260,247,233" oya="1" hai0="39,123,31,88,95,44,117,102,8,121,110,28,30" hai1="10,11,49,96,87,47,106,57,119,40,63,6,93" hai2="114,115,54,111,91,72,24,23,12,99,37,18,7" hai3="116,107,109,56,41,89,1,38,52,78,97,120,126"/><U51/><E119/><V43/><F72/><W68/><G120/><N who="0" m="46155" /><D117/><U79/><E106/><V128/><F111/><W135/><G116/><T122/><D110/><U82/><E51/><V65/><F128/><W132/><G109/><T45/><D8/><U112/><E112/><V94/><F65/><W16/><G1/><T19/><D19/><U66/><REACH who="1" step="1"/><E6/><REACH who="1" ten="260,250,247,233" step="2"/><V76/><F115/><W84/><G107/><T14/><D122/><U26/><E26/><V108/><F114/><W70/><G126/><T130/><D130/><U92/><E92/><V22/><F108/><W85/><G38/><T61/><D95/><U50/><E50/><V113/><F113/><W62/><G135/><T60/><D39/><U98/><E98/><V4/><F76/><W118/><G132/><T133/><D133/><U20/><E20/><V17/><F37/><W134/><G134/><T125/><D125/><U105/><E105/><V46/><F43/><W83/><G41/><T33/><D33/><U32/><E32/><V90/><F4/><W13/><G97/><T127/><D127/><U34/><E34/><V55/><F7/><W27/><G27/><T101/><D101/><AGARI ba="0,1" hai="10,11,40,47,49,57,63,66,79,82,87,93,96,101" machi="101" ten="30,5800,0" yaku="1,1,7,1,8,1,53,0" doraHai="21" doraHaiUra="86" who="1" fromWho="0" sc="260,-58,250,68,247,0,233,0" /><INIT seed="1,1,0,2,3,57" ten="202,318,247,233" oya="1" hai0="76,112,89,78,20,81,115,18,109,68,38,79,29" hai1="83,97,41,106,10,39,53,6,120,95,13,40,27" hai2="3,121,52,127,107,102,45,82,88,98,9,51,96" hai3="125,66,65,131,86,36,61,92,7,43,73,128,58"/><U60/><E120/><V42/><F121/><W31/><G73/><T123/><D38/><U46/><E106/><V49/><F127/><W33/><G7/><T111/><D68/><U103/><E83/><V124/><F124/><W30/><G125/><T72/><D29/><U134/><E134/><V15/><F3/><W24/><G31/><T75/><D18/><U70/><E27/><V35/><F35/><W8/><G8/><T133/><D20/><U17/><E39/><V21/><F21/><W130/><G36/><T87/><D123/><U101/><E101/><V77/><F77/><W110/><G43/><T22/><D22/><U113/><E113/><N who="0" m="43593" /><D133/><U91/><E103/><V132/><F132/><W5/><G5/><T62/><D62/><U84/><E97/><V126/><F126/><W118/><G110/><AGARI ba="1,0" hai="72,75,76,78,79,81,87,89,109,110,111" m="43593" machi="110" ten="40,5200,0" yaku="14,1,34,2" doraHai="57" who="0" fromWho="3" sc="202,55,318,0,247,0,233,-55" /><INIT seed="2,0,0,1,5,121" ten="257,318,247,178" oya="2" hai0="74,54,55,112,128,53,82,10,88,14,60,91,134" hai1="47,26,118,51,123,44,97,133,11,38,16,52,59" hai2="62,7,105,86,22,66,29,18,127,30,129,101,40" hai3="122,21,75,114,45,115,130,89,8,33,9,90,50"/><V72/><F72/><W73/><G33/><T102/><D112/><N who="3" m="43049" /><G21/><T83/><D128/><U0/><E118/><V126/><F129/><W78/><G78/><T25/><D134/><U87/><E133/><V23/><F7/><W103/><G103/><T58/><D102/><U94/><E123/><V109/><F40/><W46/><G50/><T1/><D1/><U35/><E38/><V63/><F86/><W98/><G98/><T79/><D25/><U28/><E87/><V48/><F101/><W125/><G130/><T5/><REACH who="0" step="1"/><D83/><REACH who="0" ten="247,318,247,178" step="2"/><U32/><E32/><V70/><F105/><W92/><G122/><T117/><D117/><U119/><E119/><V3/><F3/><W20/><G125/><T80/><D80/><U56/><E0/><V100/><F100/><W106/><G106/><T19/><D19/><U31/><E31/><V77/><F30/><W96/><G92/><T99/><D99/><U24/><E24/><V39/><F127/><W84/><G96/><T104/><D104/><U107/><E107/><V34/><F126/><W81/><G81/><T15/><D15/><U95/><E95/><V57/><F29/><W93/><G93/><T13/><D13/><U71/><E94/><V67/><F34/><W64/><G75/><T41/><D41/><U68/><E97/><V37/><F77/><W4/><G73/><T110/><D110/><U65/><E35/><V135/><F135/><W36/><G84/><T113/><D113/><U61/><E28/><V2/><F2/><W42/><G42/><T132/><D132/><U12/><E26/><V76/><F76/><RYUUKYOKU ba="0,1" sc="247,15,318,15,247,-15,178,-15" hai0="5,10,14,53,54,55,58,60,74,79,82,88,91" hai1="11,12,16,44,47,51,52,56,59,61,65,68,71" /><INIT seed="3,1,1,0,2,35" ten="262,333,232,163" oya="3" hai0="40,74,20,98,81,27,61,124,132,28,64,94,104" hai1="31,6,2,22,133,129,90,33,122,32,39,100,131" hai2="99,34,17,123,67,54,0,114,111,135,37,62,134" hai3="105,48,110,103,13,113,87,25,125,73,112,29,66"/><W115/><G73/><T97/><D40/><U119/><E39/><V72/><F114/><W10/><G125/><T130/><D124/><U76/><E122/><V102/><F123/><W77/><G66/><T92/><D132/><U84/><E100/><V36/><F54/><W19/><G110/><T7/><D7/><U127/><E127/><V57/><F111/><W75/><G75/><T93/><D130/><N who="1" m="49675" /><E76/><V126/><F126/><W55/><G105/><T95/><D104/><U69/><E69/><V65/><F67/><W41/><G41/><T11/><D11/><N who="1" m="2519" /><E119/><V70/><F57/><W85/><G103/><T45/><D45/><U24/><E133/><N who="2" m="50699" /><F17/><W63/><G63/><T106/><D106/><U118/><E118/><V30/><F72/><W53/><G77/><T60/><D74/><U91/><E91/><V56/><F56/><W3/><G55/><T58/><D60/><U107/><E107/><N who="2" m="63967" /><F0/><W101/><G3/><T4/><D4/><U108/><E108/><V44/><F44/><W82/><G101/><N who="0" m="60583" /><D81/><AGARI ba="1,1" hai="22,24,31,32,33,81,84,90" m="2519,49675" machi="81" ten="30,2000,0" yaku="19,1,52,1" doraHai="35" who="1" fromWho="0" sc="262,-23,333,33,232,0,163,0" /><INIT seed="4,0,0,1,5,132" ten="239,366,232,163" oya="0" hai0="74,121,2,80,61,105,75,123,67,109,112,49,91" hai1="63,51,32,16,89,36,20,93,102,122,127,14,135" hai2="57,96,110,59,88,54,100,76,81,29,46,85,40" hai3="70,84,87,7,111,62,10,41,107,6,33,125,78"/><T0/><D105/><U48/><E122/><V99/><F110/><W94/><G107/><T42/><D123/><U106/><E135/><V53/><F29/><W35/><G111/><T13/><D121/><U64/><E36/><V24/><F24/><W103/><G7/><T60/><D109/><U108/><E32/><V4/><F4/><W92/><G41/><T72/><D112/><U31/><E31/><V118/><F118/><W133/><G133/><T126/><D126/><U23/><E127/><V82/><F40/><W19/><G19/><T22/><D0/><U129/><E129/><V65/><F65/><W1/><G125/><T26/><D2/><U5/><E5/><V55/><F46/><W25/><G25/><T124/><D124/><U58/><E108/><V120/><F120/><W43/><G43/><T17/><D13/><U119/><E119/><V15/><F15/><W8/><G8/><T98/><D67/><U134/><E134/><V130/><F130/><W9/><G9/><T3/><D3/><U66/><E66/><V56/><F100/><W83/><G70/><T71/><D71/><U39/><E39/><V101/><REACH who="2" step="1"/><F101/><REACH who="2" ten="239,366,222,163" step="2"/><W79/><G103/><T86/><D42/><U114/><E102/><V11/><F11/><W27/><G27/><T90/><D26/><U12/><E106/><V115/><F115/><W104/><G104/><T34/><D34/><U116/><E114/><V21/><F21/><W117/><G117/><T128/><D22/><U69/><E116/><V28/><F28/><W47/><G35/><T38/><D128/><U50/><E23/><RYUUKYOKU ba="0,1" sc="239,-10,366,-10,222,30,163,-10" hai2="53,54,55,56,57,59,76,81,82,85,88,96,99" /><INIT seed="5,1,1,4,5,48" ten="229,356,252,153" oya="1" hai0="15,124,79,103,33,26,126,123,66,134,18,50,40" hai1="12,20,100,34,64,131,49,127,77,68,3,28,17" hai2="63,112,91,30,19,1,107,58,104,65,5,61,83" hai3="38,116,73,21,56,60,119,74,82,51,25,101,98"/><U10/><E131/><V46/><F30/><W84/><G38/><T132/><D66/><U59/><E127/><N who="0" m="48681" /><D103/><U67/><E68/><V118/><F118/><W31/><G51/><T76/><D123/><U22/><E77/><N who="0" m="29769" /><D33/><U102/><E3/><V24/><F112/><W6/><G6/><T114/><D26/><U4/><E34/><V62/><F46/><W133/><G133/><N who="0" m="51307" /><D114/><U35/><E35/><V95/><F1/><W29/><G29/><T41/><D50/><U121/><E121/><V128/><F128/><W108/><G108/><T130/><D130/><U90/><E67/><V13/><F5/><W88/><G119/><T106/><D106/><U42/><E28/><V89/><F89/><W36/><G36/><T113/><D113/><U72/><E90/><V37/><F37/><W70/><G70/><T81/><D81/><U92/><E64/><V110/><F83/><W135/><G116/><T115/><D115/><U8/><E49/><V93/><F110/><W69/><G69/><T129/><D129/><U99/><E4/><V2/><F2/><W14/><G14/><T52/><D52/><U9/><E102/><V87/><F24/><W27/><G27/><T39/><D39/><U16/><E42/><V117/><F117/><W45/><G45/><T47/><D47/><U97/><E12/><V57/><F57/><W54/><REACH who="3" step="1"/><G135/><REACH who="3" ten="229,356,252,143" step="2"/><T96/><D96/><U53/><E97/><V78/><F78/><W86/><G86/><T23/><AGARI ba="1,2" hai="15,18,23,40,41" m="51307,29769,48681" machi="23" ten="40,2700,0" yaku="18,1,20,1" doraHai="48" who="0" fromWho="0" sc="229,50,356,-14,252,-8,143,-8" /><INIT seed="6,0,0,5,1,116" ten="279,342,244,135" oya="2" hai0="29,58,71,27,16,125,39,81,5,123,135,109,52" hai1="17,128,90,76,121,86,41,8,122,21,104,85,2" hai2="130,97,80,98,57,20,126,106,68,79,103,63,42" hai3="108,95,6,117,18,32,96,101,36,124,120,4,51"/><V131/><F68/><W19/><G36/><T78/><D109/><U50/><E104/><V3/><F3/><W132/><G108/><T49/><D39/><U89/><E76/><V110/><F110/><W115/><G117/><T73/><D71/><U47/><E2/><V111/><F111/><W48/><G32/><T35/><D123/><N who="1" m="47115" /><E128/><N who="2" m="49195" /><F126/><W44/><G120/><T118/><D125/><U24/><E8/><V100/><F42/><N who="3" m="24599" /><G132/><T61/><D135/><U67/><E67/><N who="2" m="39407" /><F20/><W25/><G115/><T82/><D118/><U112/><E112/><V107/><F80/><W10/><G124/><T0/><D82/><U40/><E40/><V94/><F79/><W60/><G60/><T7/><D0/><U11/><E11/><V13/><F13/><N who="3" m="7479" /><G51/><T43/><D43/><U15/><E15/><V133/><F107/><W129/><G129/><T31/><D31/><U33/><E33/><V119/><F119/><W62/><G62/><T88/><D88/><AGARI ba="0,0" hai="17,21,24,41,47,50,85,86,88,89,90" m="47115" machi="88" ten="30,8000,1" yaku="13,1,52,3,54,1" doraHai="116" who="1" fromWho="0" sc="279,-80,342,80,244,0,135,0" /><INIT seed="7,0,0,0,3,44" ten="199,422,244,135" oya="3" hai0="121,3,63,91,64,95,90,77,32,25,75,106,69" hai1="78,109,70,102,7,24,34,74,66,48,111,17,129" hai2="62,122,98,55,46,105,73,9,94,68,42,18,50" hai3="38,79,132,110,100,135,131,28,87,35,92,99,40"/><W36/><G28/><T33/><D3/><U123/><E123/><V57/><F105/><W84/><G35/><T65/><D121/><U120/><E120/><V1/><F73/><W81/><G40/><T22/><D65/><U49/><E7/><V51/><F122/><W10/><G10/><T56/><D106/><U20/><E34/><V118/><F118/><W41/><G41/><T6/><D6/><U96/><E129/><V45/><F1/><W58/><G131/><T130/><D130/><U89/><E74/><V113/><F113/><W85/><G58/><T115/><D69/><U101/><E78/><V11/><F68/><W127/><G38/><T117/><D117/><U88/><E70/><V114/><F18/><W19/><G19/><T39/><D39/><U12/><E66/><V134/><F134/><W76/><G36/><T31/><D115/><U128/><E128/><V60/><F60/><W71/><G71/><T43/><D43/><U104/><E102/><V97/><F114/><W5/><G5/><T67/><D67/><U14/><E14/><V30/><F30/><W21/><G21/><T27/><D27/><U16/><E109/><V83/><F83/><N who="3" m="47207" /><G110/><T61/><D33/><U112/><E111/><V52/><F98/><W23/><G23/><T133/><D32/><U15/><E15/><V119/><F119/><W53/><G127/><T59/><D133/><N who="3" m="51273" /><G53/><N who="0" m="33935" /><D75/><AGARI ba="0,0" hai="75,79,81,85,87,92,99,100" m="51273,47207" machi="75" ten="30,5800,0" yaku="20,1,34,2" doraHai="44" who="3" fromWho="0" sc="199,-58,422,0,244,0,135,58" /><INIT seed="7,1,0,2,2,64" ten="141,422,244,193" oya="3" hai0="81,24,72,36,100,84,22,80,133,89,26,16,104" hai1="41,105,56,35,15,14,111,25,93,98,78,67,27" hai2="30,37,83,7,19,46,28,32,3,130,108,102,42" hai3="101,18,113,13,107,125,55,66,126,106,132,97,109"/><W131/><G66/><T87/><D36/><U119/><E111/><V124/><F108/><W82/><G109/><T123/><D123/><U103/><E119/><V11/><F124/><N who="3" m="47723" /><G55/><T44/><D133/><U129/><E129/><V47/><F130/><W21/><G131/><T61/><D44/><U50/><E105/><V20/><F102/><W53/><G132/><T33/><D61/><N who="1" m="38311" /><E35/><V1/><F3/><W95/><G113/><T77/><D104/><U110/><E110/><V8/><F8/><W31/><G82/><T90/><D100/><U54/><E78/><V94/><F47/><W9/><G53/><T73/><D77/><U59/><E41/><V71/><F71/><W51/><G51/><T75/><D75/><U17/><E15/><V57/><F57/><W12/><G31/><AGARI ba="1,0" hai="16,22,24,26,31,33,72,73,80,81,84,87,89,90" machi="31" ten="40,2600,0" yaku="9,1,54,1" doraHai="64" who="0" fromWho="3" sc="141,29,422,0,244,0,193,-29" owari="170,-23,422,53,244,4,164,-34" /></mjloggm>