<mjloggm ver="2.3"><GO type="137" lobby="0"/><UN n0="%E7%95%99%E8%90%8C" n1="%E7%86%8A%E7%8C%AB%E5%BF%8D%E8%80%85" n2="%43%6C%61%75%64%69%6F" n3="%61%65%73%74%61%73" dan="12,13,12,13" rate="1647.14,1817.95,1697.88,1789.59" sx="M,M,M,M"/><TAIKYOKU oya="0"/><INIT seed="0,0,0,3,4,34" ten="250,250,250,250" oya="0" hai0="105,65,24,9,82,11,42,111,119,1,62,53,120" hai1="64,72,135,123,101,4,31,78,32,131,91,50,54" hai2="121,80,52,29,51,0,73,70,88,134,114,8,104" hai3="43,48,59,36,87,110,49,5,71,124,23,122,128"/><T44/><D119/><U81/><E123/><V85/><F70/><W130/><G122/><T92/><D120/><U61/><E135/><V76/><F134/><W107/><G107/><T112/><D105/><U86/><E101/><V95/><F29/><W116/><G5/><T39/><D112/><U25/><E4/><V129/><F121/><W63/><G87/><T33/><D82/><U100/><E100/><V126/><F114/><W133/><G23/><T58/><D92/><U6/><E6/><V77/><F77/><W19/><G19/><T79/><D79/><U28/><E28/><V94/><F94/><W99/><G99/><T7/><D9/><U55/><E50/><V35/><F35/><W89/><G89/><T106/><D106/><U90/><E131/><V21/><F21/><W98/><G98/><T13/><D111/><U96/><E96/><V109/><F109/><W127/><G110/><T102/><D102/><U40/><E40/><V57/><F104/><W75/><G75/><T16/><D65/><U125/><E125/><N who="3" m="48202" /><G71/><T132/><D132/><U118/><E118/><V12/><F129/><N who="3" m="49771" /><G116/><T103/><D103/><U14/><E14/><V108/><F108/><W47/><G133/><T10/><REACH who="0" step="1"/><D24/><REACH who="0" ten="240,250,250,250" step="2"/><U97/><E25/><V113/><F113/><W56/><G56/><T27/><D27/><U83/><E78/><V117/><F117/><W41/><G41/><T84/><D84/><U60/><E86/><V37/><F126/><W69/><G69/><T38/><D38/><U3/><E97/><V115/><F115/><W67/><AGARI ba="0,1" hai="36,43,47,48,49,59,63,67" m="49771,48202" machi="67" ten="30,7900,0" yaku="18,1,19,1,34,2" doraHai="34" who="3" fromWho="3" sc="240,-39,250,-20,250,-20,250,89" /><INIT seed="1,0,0,4,4,42" ten="201,230,230,339" oya="1" hai0="19,90,29,135,108,23,60,114,103,6,59,113,62" hai1="8,105,82,18,101,112,119,74,28,122,77,98,46" hai2="30,67,17,79,106,52,37,95,133,3,49,80,45" hai3="51,33,63,22,132,72,70,16,55,24,31,102,26"/><U118/><E122/><V87/><F106/><W57/><G72/><T111/><D6/><U126/><E112/><N who="0" m="43113" /><D29/><U76/><E28/><V2/><F30/><W69/><G132/><T84/><D103/><U0/><E126/><V83/><F133/><W34/><G34/><T7/><D7/><U129/><E129/><V12/><F37/><W13/><G102/><T15/><D135/><U27/><E77/><V9/><F67/><W91/><G24/><T92/><D59/><U56/><E27/><V88/><F95/><W86/><REACH who="3" step="1"/><G63/><REACH who="3" ten="201,230,230,329" step="2"/><T99/><D99/><U120/><E98/><V68/><F68/><W54/><G54/><T117/><D117/><U116/><E101/><V94/><F80/><AGARI ba="0,1" hai="13,16,22,26,31,33,51,55,57,69,70,80,86,91" machi="80" ten="30,3900,0" yaku="1,1,7,1,54,1,53,0" doraHai="42" doraHaiUra="134" who="3" fromWho="2" sc="201,0,230,0,230,-39,329,49" /><INIT seed="2,0,0,5,1,120" ten="201,230,191,378" oya="2" hai0="101,109,49,19,71,31,3,35,53,129,127,36,75" hai1="24,90,34,63,7,133,46,87,107,39,4,44,88" hai2="5,23,66,13,122,86,96,114,79,14,104,135,28" hai3="12,11,115,103,18,22,131,99,57,51,26,32,73"/><V92/><F122/><W69/><G69/><T81/><D36/><U55/><E107/><V130/><F114/><W6/><G73/><T30/><D71/><U45/><E39/><V78/><F104/><W15/><G115/><T52/><D101/><U97/><E133/><V118/><F135/><W124/><G131/><T76/><D3/><U17/><E97/><V116/><F130/><W27/><G124/><T72/><D72/><U48/><E63/><V94/><F66/><W82/><G32/><T42/><D129/><U126/><E126/><V61/><F61/><W113/><G113/><T33/><D127/><U100/><E100/><V67/><F67/><W134/><G82/><T0/><D0/><U21/><E34/><V106/><F106/><W83/><G83/><T68/><D68/><U111/><E111/><V77/><F118/><W112/><G112/><T74/><D74/><U25/><E25/><N who="2" m="16447" /><F116/><W38/><G38/><T93/><D93/><U29/><E29/><V128/><F5/><W2/><G2/><T56/><D109/><U123/><E123/><V58/><F58/><W50/><G134/><T85/><D75/><U84/><E4/><V91/><F128/><W95/><REACH who="3" step="1"/><G50/><REACH who="3" ten="201,230,191,368" step="2"/><T105/><D49/><U119/><E119/><V65/><F65/><W59/><G59/><T80/><D56/><N who="1" m="32871" /><E7/><V43/><F43/><W40/><G40/><T117/><D42/><U89/><AGARI ba="0,1" hai="17,21,24,44,45,46,84,87,88,89,90" m="32871" machi="89" ten="30,2000,0" yaku="8,1,54,1" doraHai="120" who="1" fromWho="1" sc="201,-5,230,30,191,-10,368,-5" /><INIT seed="3,0,0,5,0,40" ten="196,260,181,363" oya="3" hai0="86,5,29,68,69,75,103,31,10,39,120,13,20" hai1="100,34,61,21,47,43,134,99,104,24,132,109,33" hai2="105,3,67,54,1,58,108,91,9,55,94,59,119" hai3="93,76,123,72,30,78,50,66,135,51,127,56,126"/><W85/><G123/><T49/><D120/><U11/><E61/><V117/><F105/><W92/><G56/><T71/><D39/><U74/><E74/><V27/><F108/><W23/><G23/><T36/><D36/><U25/><E11/><V89/><F67/><W82/><G85/><T48/><D75/><U37/><E109/><V8/><F27/><W7/><G7/><T6/><D103/><U65/><E65/><V2/><F2/><W46/><G30/><T22/><D86/><U77/><E77/><V130/><F94/><W88/><G88/><T84/><D84/><U73/><E73/><V42/><F42/><W96/><G66/><T32/><D5/><U107/><E104/><V38/><F38/><W4/><G4/><T62/><D62/><U45/><E43/><V131/><AGARI ba="0,0" hai="1,3,8,9,54,55,58,59,89,91,117,119,130,131" machi="131" ten="25,3200,0" yaku="0,1,22,2" doraHai="40" who="2" fromWho="2" sc="196,-8,260,-8,181,32,363,-16" /><INIT seed="4,0,0,5,5,14" ten="188,252,213,347" oya="0" hai0="126,127,24,116,133,5,41,36,120,100,15,129,9" hai1="12,29,122,38,123,30,97,106,3,105,76,112,2" hai2="8,60,58,31,125,108,73,53,81,56,111,128,23" hai3="46,40,34,102,28,135,109,77,72,65,96,74,22"/><T115/><D116/><U95/><E12/><V19/><F31/><N who="1" m="11785" /><E95/><V39/><F39/><W54/><G135/><T87/><D120/><N who="1" m="46123" /><E38/><V79/><F125/><N who="0" m="47626" /><D115/><U55/><E55/><V1/><F128/><W37/><G54/><T80/><D100/><U43/><E112/><V35/><F35/><W113/><G22/><T86/><D129/><U70/><E97/><V62/><F8/><W98/><G34/><T121/><D121/><U45/><E45/><V68/><F1/><N who="1" m="9" /><E76/><V16/><F19/><W124/><G77/><N who="0" m="46351" /><D87/><U33/><E33/><V11/><F11/><W20/><G124/><T47/><D133/><U103/><E103/><V85/><F73/><W131/><G113/><T99/><D99/><U104/><E70/><V25/><REACH who="2" step="1"/><F68/><REACH who="2" ten="188,252,203,347" step="2"/><W64/><G131/><T67/><D67/><AGARI ba="0,1" hai="16,23,25,53,56,58,60,62,67,79,81,85,108,111" machi="67" ten="30,12000,2" yaku="1,1,2,1,7,1,52,1,54,1,53,2" doraHai="14" doraHaiUra="57" who="2" fromWho="0" sc="188,-120,252,0,203,130,347,0" /><INIT seed="5,0,0,1,5,135" ten="68,252,333,347" oya="1" hai0="20,53,12,85,83,92,32,89,2,106,27,35,119" hai1="133,70,75,33,29,37,61,9,80,45,134,103,16" hai2="100,90,31,41,87,5,42,47,50,114,130,25,1" hai3="121,109,4,94,72,43,81,69,24,79,23,78,8"/><U55/><E103/><V97/><F130/><W115/><G109/><T102/><D106/><U26/><E70/><V62/><F42/><W21/><G69/><T111/><D119/><U38/><E61/><V22/><F1/><W112/><G121/><T88/><D111/><U57/><E57/><V60/><F5/><W101/><G43/><T132/><D132/><N who="1" m="50795" /><E55/><V14/><F14/><W19/><G79/><T48/><D2/><U84/><E75/><V104/><F114/><W131/><G131/><T13/><D102/><U117/><E45/><V96/><F96/><W28/><G94/><AGARI ba="0,0" hai="22,25,31,41,47,50,60,62,87,90,94,97,100,104" machi="94" ten="30,1000,0" yaku="7,1" doraHai="135" who="2" fromWho="3" sc="68,0,252,0,333,10,347,-10" /><INIT seed="6,0,0,4,4,96" ten="68,252,343,337" oya="2" hai0="21,6,46,125,8,14,81,61,40,86,13,74,39" hai1="98,58,35,10,70,12,97,63,32,109,42,48,9" hai2="134,67,27,4,55,29,78,91,11,90,0,53,114" hai3="113,128,60,30,122,52,45,75,62,99,79,47,112"/><V57/><F78/><W73/><G122/><T51/><D74/><U25/><E70/><V87/><F91/><W1/><G128/><T18/><D125/><U129/><E129/><V82/><F134/><W77/><G1/><T36/><REACH who="0" step="1"/><D61/><REACH who="0" ten="58,252,343,337" step="2"/><U17/><E63/><V38/><F114/><W118/><G118/><T117/><D117/><U59/><E109/><V34/><F67/><W43/><G43/><T119/><D119/><U66/><E66/><V22/><F55/><W102/><G52/><T31/><D31/><U16/><E42/><V76/><F38/><W123/><G123/><T24/><D24/><U108/><E25/><V37/><F37/><W5/><G30/><T104/><D104/><U106/><E106/><V44/><F34/><W83/><G5/><T94/><D94/><U131/><E108/><V92/><F92/><W88/><G83/><T41/><D41/><U100/><E131/><V89/><REACH who="2" step="1"/><F44/><REACH who="2" ten="58,252,333,337" step="2"/><W71/><G112/><T56/><D56/><U110/><E110/><V132/><F132/><W54/><G113/><T93/><D93/><U26/><E59/><V127/><F127/><W84/><G54/><T68/><D68/><U115/><E115/><V133/><F133/><W126/><G71/><T49/><D49/><AGARI ba="0,2" hai="0,4,11,22,27,29,49,53,57,76,82,87,89,90" machi="49" ten="30,2900,0" yaku="1,1,7,1,53,0" doraHai="96" doraHaiUra="111" who="2" fromWho="0" sc="58,-29,252,0,333,49,337,0" /><INIT seed="6,1,0,1,4,55" ten="29,252,382,337" oya="2" hai0="66,1,37,7,57,96,50,80,58,90,52,86,105" hai1="116,14,32,98,101,125,71,70,128,16,26,61,110" hai2="28,45,38,81,36,74,11,48,47,106,124,111,22" hai3="103,95,127,42,69,63,130,93,91,99,56,31,44"/><V84/><F106/><W13/><G130/><T75/><D37/><U33/><E116/><V126/><F74/><W121/><G127/><N who="2" m="48681" /><F11/><W43/><G13/><T18/><D18/><U23/><E110/><V39/><F28/><W51/><G69/><T53/><D1/><U100/><E128/><V34/><F34/><W79/><G79/><T17/><D17/><U87/><E87/><V113/><F22/><W68/><G68/><T85/><D7/><U41/><E41/><V35/><F35/><W2/><G2/><T76/><D66/><U25/><E125/><V6/><F6/><W24/><G121/><T67/><D67/><U135/><E135/><V62/><F111/><W0/><G43/><T49/><REACH who="0" step="1"/><D90/><REACH who="0" ten="19,252,382,337" step="2"/><U112/><E16/><V78/><F113/><W83/><G0/><T21/><D21/><U73/><E23/><V109/><F109/><W12/><G91/><T15/><D15/><U20/><E14/><V89/><F89/><W40/><G12/><T88/><D88/><U77/><E20/><V10/><F10/><W131/><G31/><T97/><D97/><U3/><E98/><V115/><F115/><W54/><G24/><T102/><AGARI ba="1,1" hai="49,50,52,53,57,58,75,76,80,85,86,96,102,105" machi="102" ten="30,12000,2" yaku="1,1,0,1,9,1,52,2,54,1,53,0" doraHai="55" doraHaiUra="129" who="0" fromWho="0" sc="19,133,252,-31,382,-61,337,-31" /><INIT seed="7,0,0,1,2,89" ten="152,221,321,306" oya="3" hai0="88,14,97,39,109,134,50,64,2,78,13,43,128" hai1="18,31,84,96,92,93,48,132,40,105,100,44,70" hai2="65,115,1,0,106,19,57,49,122,75,82,26,113" hai3="68,67,85,87,11,55,12,37,9,117,62,125,104"/><W129/><G104/><T77/><D109/><U91/><E70/><V107/><F122/><W131/><G117/><T95/><D2/><U29/><E18/><V5/><F5/><W94/><G125/><T130/><D134/><U42/><E132/><V73/><F82/><W101/><G37/><T76/><D39/><U110/><E110/><V119/><F19/><W90/><G55/><T10/><D64/><U56/><E56/><V127/><F26/><W51/><G51/><T17/><D14/><U52/><REACH who="1" step="1"/><E105/><REACH who="1" ten="152,211,321,306" step="2"/><V135/><F119/><W98/><G85/><T21/><D43/><AGARI ba="0,1" hai="29,31,40,42,43,44,48,52,84,91,92,93,96,100" machi="43" ten="40,12000,2" yaku="1,1,2,1,8,1,52,2,54,1,53,1" doraHai="89" doraHaiUra="46" who="1" fromWho="0" sc="152,-120,211,130,321,0,306,0" owari="32,-47,341,44,321,12,306,-9" /></mjloggm>