<mjloggm ver="2.3"><GO type="9" lobby="1799"/><UN n0="%6B%2E%66%2E" n1="%79%75%7A%68%65" n2="%E7%95%99%E8%90%8C" n3="%72%5F%68%69%72%6F%73%65" dan="0,0,12,0" rate="1500.00,1500.00,1622.53,1500.00" sx="M,M,M,M"/><TAIKYOKU oya="0"/><INIT seed="0,0,0,3,3,2" ten="250,250,250,250" oya="0" hai0="14,36,81,107,25,69,133,8,40,128,115,80,28" hai1="30,100,62,6,130,60,93,12,34,105,39,78,19" hai2="5,35,97,56,10,101,120,29,11,79,38,83,43" hai3="32,37,4,21,94,70,74,42,48,16,125,127,65"/><T57/><D115/><U54/><E130/><V41/><F120/><W118/><G118/><T44/><D107/><U15/><E34/><V77/><F35/><W132/><G132/><T89/><D133/><U47/><E105/><V84/><F29/><W108/><G108/><T124/><D124/><N who="3" m="47689" /><G74/><T87/><D69/><U24/><E39/><V52/><F38/><W117/><G117/><T126/><D128/><U135/><E135/><V58/><F77/><W49/><G32/><T23/><D126/><U92/><E78/><V31/><F31/><W95/><G4/><T7/><REACH who="0" step="1"/><D57/><REACH who="0" ten="240,250,250,250" step="2"/><U103/><E6/><V22/><F58/><W73/><G73/><T13/><D13/><U55/><E19/><V90/><F5/><W129/><G129/><T17/><D17/><U119/><E119/><V98/><F22/><W88/><G95/><AGARI ba="0,1" hai="7,8,14,23,25,28,36,40,44,80,81,87,89,95" machi="95" ten="30,5800,0" yaku="1,1,7,1,52,1,53,0" doraHai="2" doraHaiUra="45" who="0" fromWho="3" sc="240,68,250,0,250,0,250,-58" /><INIT seed="0,1,0,4,5,118" ten="308,250,250,192" oya="0" hai0="16,119,10,110,82,38,124,40,22,19,128,8,115" hai1="88,27,18,56,25,4,63,112,76,1,98,70,6" hai2="37,106,9,108,92,48,52,131,26,35,86,94,5" hai3="100,123,50,14,21,117,133,46,44,41,93,116,55"/><T30/><D119/><N who="3" m="45641" /><G123/><T121/><D115/><U12/><E112/><V78/><F106/><W75/><G133/><T73/><D30/><U132/><E132/><V57/><F37/><W51/><G75/><T67/><D67/><U53/><E76/><V29/><F108/><W28/><G14/><T69/><D69/><U7/><E1/><V39/><F131/><W60/><G100/><T125/><D128/><U15/><E70/><V72/><F39/><W24/><G93/><T122/><D110/><U129/><E129/><V36/><F36/><W65/><G65/><T68/><D68/><U85/><E85/><V13/><F72/><W58/><G28/><T81/><D73/><U101/><E101/><V11/><F11/><W74/><G74/><T95/><D38/><U80/><E80/><V83/><AGARI ba="1,0" hai="5,9,13,26,29,35,48,52,57,78,83,86,92,94" machi="83" ten="30,2000,0" yaku="0,1,54,1" doraHai="118" who="2" fromWho="2" sc="308,-11,250,-6,250,23,192,-6" /><INIT seed="1,0,0,1,4,110" ten="297,244,273,186" oya="1" hai0="32,105,2,14,133,55,23,60,88,11,28,8,102" hai1="103,18,131,0,134,112,48,130,92,5,25,100,76" hai2="13,36,86,128,29,39,43,49,41,107,71,83,118" hai3="125,63,26,116,42,33,44,50,37,72,96,16,40"/><U108/><E112/><V69/><F107/><W73/><G116/><T1/><D133/><U123/><E134/><V59/><F118/><W24/><G125/><T56/><D105/><U58/><E123/><V61/><F128/><N who="1" m="49193" /><E108/><V4/><F29/><W54/><G96/><T17/><D102/><N who="1" m="38955" /><E0/><V122/><F122/><W34/><G72/><T75/><D75/><U15/><E5/><V82/><F71/><W81/><G34/><T127/><D127/><U109/><E109/><V53/><F69/><W104/><G33/><T66/><D66/><U46/><E58/><V19/><F4/><W93/><G24/><T113/><D113/><U7/><E7/><V135/><F135/><W47/><G104/><T70/><D70/><U52/><E25/><V95/><F39/><W98/><G81/><N who="2" m="30729" /><F36/><W124/><G124/><T132/><D132/><U21/><E92/><V51/><F95/><W64/><G73/><T80/><D80/><U97/><E97/><V67/><F86/><W114/><G114/><T91/><D2/><U74/><E74/><V77/><F77/><AGARI ba="0,0" hai="15,18,21,46,48,52,76,77" m="38955,49193" machi="77" ten="30,2900,0" yaku="19,1,54,1" doraHai="110" who="1" fromWho="2" sc="297,0,244,29,273,-29,186,0" /><INIT seed="1,1,0,4,2,67" ten="297,273,244,186" oya="1" hai0="84,121,74,76,66,95,114,86,60,61,22,104,77" hai1="107,58,129,33,103,0,25,17,46,7,36,14,52" hai2="93,68,12,133,44,54,48,123,57,26,34,51,28" hai3="118,75,19,94,115,108,32,102,105,41,29,124,53"/><U99/><E129/><V106/><F123/><W59/><G124/><T98/><D114/><U132/><E132/><V71/><F106/><W125/><G115/><T23/><D104/><U55/><E14/><V127/><F127/><W9/><G75/><T85/><D121/><U88/><E88/><V69/><F133/><W15/><G32/><T16/><D74/><U27/><E17/><V2/><F93/><W31/><G41/><T3/><D3/><U13/><E13/><V42/><REACH who="2" step="1"/><F12/><REACH who="2" ten="297,273,234,186" step="2"/><W82/><G108/><T92/><D95/><U101/><E55/><V122/><F122/><W119/><G125/><T80/><D92/><U20/><E25/><V111/><F111/><W56/><G82/><T72/><D80/><U91/><E91/><V97/><F97/><W73/><G73/><T4/><D72/><U40/><E58/><V96/><F96/><W21/><G118/><T8/><D98/><U37/><E20/><V35/><F35/><W45/><G119/><T11/><D66/><U135/><E135/><V62/><F62/><W134/><G134/><T100/><D100/><U24/><E52/><V43/><F43/><W110/><G110/><T30/><D30/><N who="1" m="19655" /><E27/><V128/><F128/><W112/><G112/><T6/><D86/><U117/><E117/><V49/><F49/><N who="3" m="28847" /><G21/><T113/><REACH who="0" step="1"/><D113/><REACH who="0" ten="287,273,234,186" step="2"/><U39/><E101/><V1/><AGARI ba="1,2" hai="1,2,26,28,34,42,44,48,51,54,57,68,69,71" machi="1" ten="40,12000,2" yaku="1,1,0,1,52,3,53,1" doraHai="67" doraHaiUra="38" who="2" fromWho="2" sc="287,-31,273,-61,234,143,186,-31" /><INIT seed="2,0,0,2,3,73" ten="256,212,377,155" oya="2" hai0="42,106,100,0,85,74,82,130,1,46,92,66,79" hai1="30,131,4,50,16,95,123,90,112,132,15,18,45" hai2="48,28,58,14,5,61,75,122,21,94,135,56,86" hai3="72,84,2,114,6,37,83,64,98,32,96,70,91"/><V53/><F122/><W77/><G114/><T10/><D106/><U23/><E123/><V36/><F75/><W80/><G37/><T116/><D130/><U93/><E112/><V35/><F36/><W110/><G32/><T78/><D116/><U134/><E131/><V65/><F135/><N who="1" m="51753" /><E4/><V19/><F35/><W20/><G110/><T59/><D100/><U121/><E121/><V26/><F5/><W47/><G47/><T3/><D66/><U113/><E113/><V49/><F49/><W71/><G20/><T87/><D59/><U22/><E30/><V25/><F28/><W109/><G109/><T44/><D44/><U17/><E23/><V115/><F115/><W38/><G38/><T76/><D92/><U51/><E90/><AGARI ba="0,0" hai="14,19,21,25,26,48,53,56,58,61,65,86,90,94" machi="90" ten="40,7700,0" yaku="25,2,8,1" doraHai="73" who="2" fromWho="1" sc="256,0,212,-77,377,77,155,0" /><INIT seed="2,1,0,1,5,17" ten="256,135,454,155" oya="2" hai0="101,34,127,21,74,57,125,66,99,120,14,47,49" hai1="100,23,52,11,95,133,70,41,69,51,16,71,29" hai2="82,13,97,106,115,27,78,109,135,108,10,63,87" hai3="90,59,77,22,25,92,75,84,114,83,122,20,121"/><V50/><F115/><W37/><G114/><T111/><D120/><N who="3" m="46185" /><G37/><T7/><D34/><U19/><E133/><V118/><F118/><W86/><G86/><T64/><D74/><U130/><E130/><V24/><F135/><W103/><G59/><T32/><D32/><U35/><E11/><V61/><F106/><W85/><G25/><T98/><D111/><N who="2" m="42570" /><F97/><W54/><G54/><T96/><D7/><U2/><E2/><V9/><F50/><W42/><G42/><T94/><D127/><U44/><E35/><V117/><F117/><W79/><G20/><T12/><D125/><U67/><E71/><V93/><F93/><W55/><G55/><T8/><D66/><U1/><E1/><V48/><F48/><W58/><G58/><T56/><D56/><U119/><E119/><V80/><F80/><W65/><G65/><T110/><D110/><U45/><E69/><V81/><F81/><W102/><G22/><T76/><D76/><U33/><E33/><V112/><F112/><W68/><G68/><T39/><D39/><U134/><E134/><V36/><F36/><W31/><G31/><T124/><D124/><U89/><E70/><V116/><F116/><W0/><G0/><T123/><D123/><U43/><E100/><N who="3" m="38442" /><G92/><T60/><D12/><U30/><E67/><V128/><F128/><W26/><G26/><N who="2" m="9769" /><F13/><W40/><G40/><T131/><D131/><U4/><E4/><V53/><F53/><W113/><G113/><T104/><D104/><U107/><E107/><V91/><F78/><N who="3" m="29707" /><G83/><T129/><D129/><U88/><E95/><V72/><F72/><RYUUKYOKU ba="1,0" sc="256,-10,135,-10,454,30,155,-10" hai2="9,10,61,63,82,87,91" /><INIT seed="2,2,0,5,4,120" ten="246,125,484,145" oya="2" hai0="75,66,100,118,13,132,98,36,125,92,25,89,79" hai1="106,23,50,85,65,129,99,62,109,131,124,70,17" hai2="134,108,112,7,121,95,78,48,11,93,64,103,0" hai3="73,9,32,91,126,35,67,117,15,76,104,14,52"/><V6/><F121/><W55/><G104/><T101/><D36/><U111/><E85/><V30/><F112/><W90/><G67/><T57/><D118/><U33/><E50/><V41/><F108/><N who="1" m="41545" /><E17/><V40/><F134/><W115/><G117/><T4/><D132/><U58/><E58/><V97/><F7/><W44/><G115/><T10/><D25/><U49/><E49/><V74/><F30/><W82/><G126/><T18/><D125/><U119/><E119/><V69/><F69/><W86/><G44/><T2/><D66/><U68/><E23/><V122/><F122/><W56/><G15/><T34/><D34/><N who="3" m="12841" /><G56/><T31/><D31/><U26/><E124/><V16/><F64/><W37/><G37/><T45/><D45/><U3/><E3/><V38/><F38/><W8/><G91/><T128/><D128/><U46/><E46/><V28/><F28/><W29/><G29/><T27/><D27/><U135/><E26/><V42/><F48/><W83/><G9/><T107/><D57/><U19/><E33/><V80/><REACH who="2" step="1"/><F16/><REACH who="2" ten="246,125,474,145" step="2"/><W24/><G24/><T1/><D1/><U59/><E19/><V5/><F5/><W20/><G20/><T53/><D107/><AGARI ba="2,1" hai="0,6,11,40,41,42,74,78,80,93,95,97,103,107" machi="107" ten="40,2000,0" yaku="1,1,53,0" doraHai="120" doraHaiUra="51" who="2" fromWho="0" sc="246,-26,125,0,474,36,145,0" /><INIT seed="2,3,0,5,2,17" ten="220,125,510,145" oya="2" hai0="4,25,108,120,38,78,52,76,87,64,14,67,121" hai1="5,20,44,58,23,69,42,113,74,106,134,15,16" hai2="71,132,27,107,127,9,57,61,85,90,124,60,110" hai3="30,48,135,83,115,35,55,1,26,32,28,31,54"/><V11/><F107/><W95/><G115/><T114/><D38/><U65/><E134/><V125/><F110/><W104/><G135/><T80/><D114/><U62/><E113/><V81/><F132/><W84/><G104/><T7/><D108/><U77/><E74/><V12/><F27/><W105/><G105/><T51/><D121/><U8/><E106/><V131/><F131/><W53/><G48/><T129/><D120/><U88/><E77/><V93/><F81/><W43/><G43/><T40/><D40/><U109/><E109/><V92/><F92/><W18/><G1/><T101/><D101/><U70/><E70/><V79/><F79/><W133/><G133/><T6/><D129/><U100/><E100/><V39/><F39/><W91/><REACH who="3" step="1"/><G95/><REACH who="3" ten="220,125,510,135" step="2"/><T73/><D14/><U33/><E33/><V41/><F41/><W59/><G59/><T123/><D123/><U29/><E88/><V122/><F122/><W103/><G103/><T21/><D73/><U24/><E69/><V66/><F12/><W89/><G89/><T36/><D36/><U102/><E102/><V13/><F13/><W45/><G45/><T111/><D111/><U49/><E23/><AGARI ba="3,1" hai="18,23,26,28,30,31,32,35,53,54,55,83,84,91" machi="23" ten="40,2600,0" yaku="1,1,52,1,53,0" doraHai="17" doraHaiUra="128" who="3" fromWho="1" sc="220,0,125,-35,510,0,135,45" /><INIT seed="3,0,0,5,5,53" ten="220,90,510,180" oya="3" hai0="38,124,70,84,13,24,58,1,52,128,40,37,101" hai1="82,15,93,42,6,66,48,104,123,132,54,76,59" hai2="2,11,0,31,47,91,28,7,72,50,125,102,41" hai3="109,127,115,26,62,95,67,75,96,69,16,14,126"/><W27/><G109/><T100/><D70/><U56/><E123/><V120/><F72/><W116/><G115/><T17/><D1/><U71/><E132/><V88/><F120/><W113/><G116/><T4/><D4/><U108/><E108/><V122/><F122/><W79/><G113/><T23/><D128/><U106/><E93/><V90/><F125/><N who="3" m="47627" /><G27/><T33/><D33/><U68/><E6/><V103/><REACH who="2" step="1"/><F2/><REACH who="2" ten="220,90,500,180" step="2"/><W130/><G130/><T22/><D124/><U121/><E121/><V81/><F81/><W64/><G64/><T60/><D84/><U110/><E110/><V94/><F94/><W111/><G111/><T29/><REACH who="0" step="1"/><D40/><REACH who="0" ten="210,90,500,180" step="2"/><U129/><E129/><V8/><F8/><W35/><G14/><T107/><D107/><U9/><E104/><V55/><F55/><W12/><G96/><T44/><D44/><N who="1" m="25623" /><E106/><V63/><F63/><W57/><G57/><N who="1" m="22090" /><E66/><V30/><AGARI ba="0,2" hai="0,7,11,28,30,31,41,47,50,88,90,91,102,103" machi="30" ten="30,4000,0" yaku="1,1,0,1,54,1,53,0" doraHai="53" doraHaiUra="77" who="2" fromWho="2" sc="210,-10,90,-10,500,60,180,-20" /><INIT seed="4,0,0,1,0,8" ten="200,80,560,160" oya="0" hai0="93,44,95,62,70,123,125,17,18,3,13,97,89" hai1="94,6,106,46,59,71,64,92,20,48,25,34,87" hai2="67,2,86,57,47,121,119,35,52,63,0,91,104" hai3="21,133,9,45,24,54,122,116,113,73,75,5,79"/><T49/><D123/><U101/><E6/><V81/><F121/><W22/><G122/><T83/><D3/><U88/><E20/><V72/><F104/><W16/><G133/><T127/><D83/><U39/><E39/><V28/><F72/><W38/><G116/><T19/><D70/><U118/><E118/><V42/><F119/><W40/><G113/><T129/><D62/><N who="1" m="40343" /><E92/><V43/><F43/><W114/><G114/><T80/><D80/><U102/><E102/><V85/><F85/><W76/><G54/><T31/><D31/><N who="1" m="19823" /><E59/><V115/><F115/><W84/><G22/><T99/><D129/><U100/><E100/><V120/><F120/><W27/><G75/><T124/><D19/><U112/><E112/><V56/><F56/><W98/><G98/><T77/><D77/><U4/><E4/><V107/><F107/><W66/><G79/><T103/><D13/><U128/><E128/><V51/><REACH who="2" step="1"/><F67/><REACH who="2" ten="200,80,550,160" step="2"/><W50/><G66/><T108/><D108/><U82/><E82/><V30/><F30/><W15/><G84/><T26/><D26/><AGARI ba="0,1" hai="0,2,26,28,35,42,47,51,52,57,63,81,86,91" machi="26" ten="40,2600,0" yaku="1,1,54,1,53,0" doraHai="8" doraHaiUra="135" who="2" fromWho="0" sc="200,-26,80,0,550,36,160,0" /><INIT seed="5,0,0,2,5,111" ten="174,80,586,160" oya="1" hai0="40,86,55,134,53,47,63,81,45,94,50,75,18" hai1="46,121,77,7,3,62,11,116,70,132,23,115,15" hai2="135,34,65,26,58,98,122,17,112,96,117,73,43" hai3="68,88,48,66,113,91,106,108,52,93,6,2,133"/><U35/><E115/><V67/><F117/><W61/><G113/><T32/><D32/><U31/><E116/><V105/><F112/><W76/><G106/><T127/><D75/><U49/><E121/><V101/><F73/><W28/><G108/><T99/><D134/><U107/><E132/><V21/><F135/><W64/><G133/><T78/><D127/><U104/><E77/><V71/><F122/><W25/><G64/><T8/><D8/><U95/><E95/><V100/><F34/><W130/><G76/><T10/><D10/><U124/><E124/><V90/><F43/><W60/><G130/><T14/><D63/><U128/><E128/><V87/><F71/><W44/><G61/><T103/><REACH who="0" step="1"/><D47/><REACH who="0" ten="164,80,586,160" step="2"/><U9/><E70/><V24/><F24/><W79/><G79/><T109/><D109/><U33/><E62/><V119/><F119/><W126/><G126/><T92/><D92/><U83/><E35/><V57/><F67/><W51/><G51/><T74/><D74/><U110/><E110/><V12/><F12/><W19/><G93/><T54/><D54/><U4/><E83/><V56/><F65/><W123/><G123/><T89/><D89/><U30/><E104/><V22/><F22/><W102/><G102/><N who="2" m="39529" /><F105/><W20/><REACH who="3" step="1"/><G28/><REACH who="3" ten="164,80,586,150" step="2"/><T42/><D42/><N who="1" m="24791" /><E107/><V131/><F131/><W38/><G38/><T118/><D118/><U80/><E80/><AGARI ba="0,2" hai="17,21,26,56,57,58,80,87,90,96,98" m="39529" machi="80" ten="30,1000,0" yaku="8,1" doraHai="111" who="2" fromWho="1" sc="164,0,80,-10,586,30,150,0" /><INIT seed="6,0,0,5,4,75" ten="164,70,616,150" oya="2" hai0="86,50,83,96,46,11,54,9,72,132,102,130,64" hai1="114,79,34,25,111,99,10,87,116,42,43,36,0" hai2="85,80,55,97,15,62,92,118,100,98,16,124,39" hai3="128,61,95,113,5,4,103,65,78,115,57,35,105"/><V133/><F118/><W26/><BYE who="1" /><G128/><UN n1="%79%75%7A%68%65" /><T109/><D109/><U53/><E116/><V90/><F39/><W27/><G78/><T32/><D32/><U121/><E111/><V28/><F28/><W104/><G95/><T13/><D11/><U37/><E114/><N who="3" m="43530" /><G105/><T66/><D130/><U18/><E121/><V38/><F38/><W51/><G51/><T110/><D110/><U135/><E135/><V47/><F133/><W134/><G134/><T122/><D122/><U131/><E131/><V88/><F124/><W22/><G4/><T63/><D72/><U48/><E99/><V123/><F123/><W91/><G91/><T101/><D132/><U106/><E106/><V29/><F29/><W120/><G120/><T129/><D129/><U23/><E0/><V82/><F62/><W31/><G5/><T3/><D3/><U12/><E34/><V56/><F56/><W58/><G58/><T8/><D8/><U73/><E73/><V17/><F55/><W77/><G77/><T59/><D66/><U68/><E68/><V60/><F60/><W24/><G104/><T49/><D49/><U14/><E36/><V112/><F112/><W52/><G65/><T127/><D127/><U108/><E108/><V40/><F15/><W126/><G126/><T45/><D45/><U81/><E37/><V1/><F1/><W119/><G119/><T71/><D71/><U21/><E21/><V94/><F85/><W20/><G103/><T76/><D96/><U74/><E74/><V41/><F100/><W30/><G35/><T84/><D84/><U7/><E14/><RYUUKYOKU ba="0,0" sc="164,0,70,0,616,0,150,0" hai0="9,13,46,50,54,59,63,64,76,83,86,101,102" hai1="7,10,12,18,23,25,42,43,48,53,79,81,87" hai2="16,17,40,41,47,80,82,88,90,92,94,97,98" hai3="20,22,24,26,27,30,31,52,57,61" /><INIT seed="6,1,0,5,1,59" ten="164,70,616,150" oya="2" hai0="95,112,5,46,50,75,72,101,34,54,85,74,70" hai1="82,130,44,127,119,104,73,53,98,65,13,39,56" hai2="33,10,76,77,84,27,2,3,18,32,116,38,96" hai3="36,132,66,118,92,16,126,25,88,61,22,97,35"/><V28/><F116/><W133/><G118/><T103/><D34/><U63/><E119/><V0/><F38/><W52/><G126/><T94/><D112/><U99/><E127/><V30/><F96/><W121/><G36/><T57/><D70/><U90/><E130/><V122/><F122/><W49/><G35/><T80/><D5/><U41/><E13/><N who="2" m="7479" /><F84/><W114/><G114/><T128/><D128/><U62/><E73/><V23/><F77/><W91/><G121/><T47/><D103/><U4/><E4/><V102/><F102/><W134/><G91/><T124/><D124/><U11/><E11/><V37/><F37/><W40/><G40/><T31/><D31/><N who="2" m="11818" /><F76/><W111/><G66/><T110/><D101/><U106/><E90/><V83/><F83/><W43/><G111/><T48/><D110/><U29/><E82/><V14/><F14/><W123/><G123/><T131/><D131/><U17/><E29/><AGARI ba="1,0" hai="0,2,3,23,27,29,32,33" m="11818,7479" machi="29" ten="30,12000,1" yaku="35,5" doraHai="59" who="2" fromWho="1" sc="164,0,70,-123,616,123,150,0" owari="164,-4,-53,-55,739,84,150,-25" /></mjloggm>