<mjloggm ver="2.3"><GO type="9" lobby="1799"/><UN n0="%E7%95%99%E8%90%8C" n1="%72%5F%68%69%72%6F%73%65" n2="%79%75%7A%68%65" n3="%6B%2E%66%2E" dan="12,0,0,0" rate="1622.53,1500.00,1500.00,1500.00" sx="M,M,M,M"/><TAIKYOKU oya="0"/><INIT seed="0,0,0,0,4,6" ten="250,250,250,250" oya="0" hai0="127,106,9,61,71,70,98,133,7,88,105,92,96" hai1="65,58,100,108,59,68,39,56,132,81,52,93,31" hai2="110,17,90,86,99,42,21,10,20,53,48,5,23" hai3="67,40,46,50,107,120,104,4,32,19,109,82,64"/><T97/><D127/><U79/><E132/><V57/><F110/><W123/><G32/><T16/><D133/><U27/><E108/><V3/><F3/><W83/><G109/><T34/><D34/><U29/><E39/><V134/><F134/><W37/><G4/><T115/><D115/><U129/><E129/><V69/><F69/><W30/><G30/><T49/><D71/><U113/><E113/><V14/><F99/><W2/><G2/><T116/><D116/><U55/><E100/><V24/><F42/><W72/><G72/><T63/><D70/><U117/><E117/><V121/><F121/><W60/><G67/><T15/><D49/><U62/><E93/><V111/><F111/><W26/><G120/><T11/><D106/><U38/><E31/><V124/><REACH who="2" step="1"/><F124/><REACH who="2" ten="250,250,240,250" step="2"/><W43/><G123/><T102/><REACH who="0" step="1"/><D97/><REACH who="0" ten="240,250,240,250" step="2"/><U18/><E38/><V78/><F78/><W22/><G37/><T135/><D135/><U44/><E79/><V91/><F91/><W128/><G128/><T130/><D130/><U118/><E118/><V33/><F33/><W103/><G43/><T77/><D77/><U75/><E81/><AGARI ba="0,2" hai="5,10,14,17,20,21,23,24,48,53,57,81,86,90" machi="81" ten="30,8000,1" yaku="1,1,7,1,8,1,52,1,53,1" doraHai="6" doraHaiUra="0" who="2" fromWho="1" sc="240,0,250,-80,240,100,250,0" /><INIT seed="1,0,0,4,1,123" ten="240,170,340,250" oya="1" hai0="6,5,88,39,94,25,45,108,102,101,100,75,85" hai1="131,129,37,65,84,78,49,105,26,12,79,99,52" hai2="57,133,107,18,1,87,77,92,54,113,41,125,48" hai3="11,0,117,80,114,10,61,126,38,23,93,47,28"/><U14/><E37/><V40/><F113/><W58/><G114/><T124/><D124/><U67/><E26/><V29/><F125/><W98/><G126/><T69/><D69/><U16/><E105/><V121/><F133/><W118/><G0/><T2/><D75/><U106/><E78/><V110/><F110/><W9/><G80/><T55/><D39/><U51/><E79/><V24/><F121/><W17/><G47/><T66/><D66/><U46/><E84/><V70/><F70/><W74/><G74/><T63/><D108/><U60/><E49/><V22/><F1/><W71/><G71/><T43/><D25/><U95/><E12/><V68/><F68/><W83/><G83/><T104/><D104/><U31/><E106/><V44/><F107/><W97/><G38/><T30/><D30/><U20/><E31/><V96/><F96/><W33/><G33/><T119/><D119/><U112/><E112/><V111/><F111/><W3/><G3/><T72/><D72/><U64/><REACH who="1" step="1"/><E60/><REACH who="1" ten="240,160,340,250" step="2"/><V82/><F92/><W34/><G98/><T115/><D115/><U21/><E21/><V35/><REACH who="2" step="1"/><F57/><REACH who="2" ten="240,160,330,250" step="2"/><W13/><G118/><T53/><D2/><U56/><E56/><V76/><F76/><W15/><G117/><T86/><D102/><AGARI ba="0,2" hai="14,16,20,46,51,52,64,65,67,95,99,102,129,131" machi="102" ten="40,7700,0" yaku="1,1,54,2,53,0" doraHai="123" doraHaiUra="120" who="1" fromWho="0" sc="240,-77,160,97,330,0,250,0" /><INIT seed="1,1,0,4,5,115" ten="163,257,330,250" oya="1" hai0="66,2,49,130,125,131,87,8,129,10,89,50,118" hai1="67,0,27,3,102,96,123,109,24,74,48,127,106" hai2="57,93,107,23,21,68,12,132,94,121,58,54,52" hai3="76,61,28,47,62,19,39,40,1,99,32,14,122"/><U51/><E127/><V104/><F132/><W22/><G122/><T128/><D66/><U110/><E123/><V108/><F121/><W73/><G99/><T124/><D2/><U69/><E74/><V63/><F108/><N who="1" m="41577" /><E48/><N who="0" m="18537" /><D118/><U119/><E119/><V60/><F12/><W82/><G32/><T11/><N who="0" m="33280" /><DORA hai="37" /><T35/><D35/><U120/><E120/><V34/><F34/><W113/><G113/><T59/><D59/><U7/><E0/><V80/><F80/><AGARI ba="1,0" hai="8,10,11,80,87,89,124,125" m="33280,18537" machi="80" ten="60,2000,0" yaku="19,1" doraHai="115,37" who="0" fromWho="2" sc="163,23,257,0,330,-23,250,0" /><INIT seed="2,0,0,3,5,50" ten="186,257,307,250" oya="2" hai0="10,125,24,35,77,113,41,115,22,16,109,74,6" hai1="118,73,32,90,68,86,87,9,5,107,65,110,72" hai2="29,127,33,67,43,88,52,37,60,44,4,66,20" hai3="0,69,8,98,126,28,76,55,81,85,45,78,82"/><V119/><F119/><W47/><G69/><T25/><D115/><U13/><E118/><V64/><F127/><W91/><G126/><T116/><D113/><U103/><E32/><V1/><F1/><W17/><G28/><T56/><D116/><U135/><E110/><V34/><F4/><W105/><G105/><T53/><D109/><U104/><E135/><V117/><F117/><W128/><G128/><T131/><D125/><U94/><E107/><V124/><F124/><W106/><G106/><T26/><D131/><U51/><E51/><V92/><F29/><W132/><G132/><T3/><D41/><U111/><E111/><V89/><F33/><W7/><G17/><T114/><D114/><U70/><E86/><V121/><F121/><W122/><G122/><T2/><D77/><U61/><REACH who="1" step="1"/><E68/><REACH who="1" ten="186,247,307,250" step="2"/><V18/><F34/><W62/><G98/><AGARI ba="0,1" hai="5,9,13,61,65,70,72,73,87,90,94,98,103,104" machi="98" ten="40,2600,0" yaku="1,1,2,1,53,0" doraHai="50" doraHaiUra="49" who="1" fromWho="3" sc="186,0,247,36,307,0,250,-26" /><INIT seed="3,0,0,2,5,22" ten="186,283,307,224" oya="3" hai0="107,128,36,58,65,98,42,49,23,126,101,96,38" hai1="92,44,99,10,43,73,106,33,18,60,131,94,37" hai2="69,41,110,62,66,134,3,105,72,74,86,80,93" hai3="113,119,2,127,71,26,29,7,91,34,75,63,81"/><W31/><G119/><T59/><D96/><U103/><E33/><V28/><F110/><W133/><G113/><T95/><D107/><U88/><E73/><V64/><F134/><W16/><G127/><T79/><D126/><U14/><E131/><V19/><F105/><W24/><G133/><T47/><D128/><U17/><E17/><V56/><F3/><W35/><G91/><T21/><D79/><U135/><E135/><V120/><F120/><W11/><G16/><T52/><D65/><U132/><E132/><V1/><F1/><W39/><G39/><T53/><REACH who="0" step="1"/><D38/><REACH who="0" ten="176,283,307,224" step="2"/><U118/><E60/><AGARI ba="0,1" hai="21,23,36,42,47,49,52,53,58,59,60,95,98,101" machi="60" ten="30,8000,1" yaku="1,1,2,1,7,1,54,1,53,1" doraHai="22" doraHaiUra="46" who="0" fromWho="1" sc="176,90,283,-80,307,0,224,0" /><INIT seed="4,0,0,0,0,112" ten="266,203,307,224" oya="0" hai0="30,4,70,125,88,55,0,117,27,118,51,42,34" hai1="95,37,43,9,50,35,99,124,18,121,41,53,91" hai2="69,87,62,6,25,110,98,2,40,104,45,73,100" hai3="107,78,103,83,63,7,13,44,74,80,16,134,105"/><T38/><D70/><U36/><E35/><V109/><F2/><W20/><G134/><T135/><D135/><U31/><E121/><V79/><F73/><W26/><G63/><T111/><D125/><U48/><E124/><V89/><F25/><W23/><G44/><T85/><D111/><N who="2" m="42506" /><F69/><W64/><G64/><T49/><D38/><U108/><E31/><V90/><F62/><W17/><G7/><T46/><D4/><U58/><E108/><V119/><F119/><W10/><G103/><T133/><D133/><U24/><E43/><V52/><F52/><W122/><G122/><T76/><D0/><U82/><E82/><N who="2" m="47583" /><F104/><W57/><G57/><T11/><D11/><U115/><E36/><V116/><F116/><W94/><G10/><T32/><D32/><U131/><E131/><V15/><F100/><W127/><G127/><T101/><D101/><U1/><E115/><V22/><F22/><W39/><G39/><T75/><D75/><U5/><E37/><V113/><F113/><W33/><G33/><T67/><D67/><U72/><E72/><V47/><F47/><W59/><G59/><T56/><D76/><U106/><E106/><V97/><F97/><W84/><G94/><AGARI ba="0,0" hai="27,30,34,42,46,49,51,55,56,85,88,94,117,118" machi="94" ten="30,11600,0" yaku="7,1,52,2,54,1" doraHai="112" who="0" fromWho="3" sc="266,116,203,0,307,0,224,-116" /><INIT seed="4,1,0,2,0,71" ten="382,203,307,108" oya="0" hai0="40,8,45,127,22,78,84,68,25,14,72,10,34" hai1="65,27,122,130,13,104,38,19,61,73,86,135,64" hai2="0,35,51,79,16,5,117,74,89,33,1,132,59" hai3="49,70,30,100,134,58,12,111,42,26,53,113,93"/><T54/><D68/><U90/><E135/><V75/><F132/><W101/><G111/><T15/><D72/><U67/><E38/><V7/><F117/><W87/><G134/><T133/><D133/><U41/><E41/><V37/><F89/><W96/><G113/><T95/><D34/><N who="2" m="12810" /><F59/><W39/><G87/><T94/><D127/><U107/><E73/><V4/><F16/><W21/><G12/><N who="0" m="4651" /><D40/><U124/><E124/><V106/><F51/><W48/><G70/><T50/><D78/><U56/><E122/><V46/><F106/><W47/><REACH who="3" step="1"/><G101/><REACH who="3" ten="382,203,307,98" step="2"/><T115/><D115/><U11/><E130/><V119/><F119/><W18/><G18/><N who="0" m="12503" /><D84/><U2/><E2/><V97/><F97/><W24/><G24/><T121/><D121/><U102/><E27/><V99/><F99/><W20/><G20/><T98/><D95/><U80/><E107/><V118/><F118/><W129/><G129/><T28/><D28/><U31/><REACH who="1" step="1"/><E31/><REACH who="1" ten="382,193,307,98" step="2"/><V109/><F109/><W131/><G131/><T120/><D120/><U76/><E76/><V60/><F60/><AGARI ba="1,2" hai="21,26,30,39,42,47,48,49,53,58,60,93,96,100" machi="60" ten="30,3900,0" yaku="1,1,7,1,52,1,53,0" doraHai="71" doraHaiUra="125" who="3" fromWho="2" sc="382,0,193,0,307,-42,98,62" /><INIT seed="5,0,0,5,4,99" ten="382,193,265,160" oya="1" hai0="129,26,112,36,85,28,72,6,110,43,118,49,107" hai1="128,27,48,102,32,96,67,4,62,134,25,100,126" hai2="29,76,17,58,68,61,75,40,38,66,21,53,131" hai3="31,88,52,109,11,45,54,108,60,70,90,12,115"/><U71/><E126/><V104/><F131/><W113/><G31/><T41/><D110/><U105/><E128/><V125/><F125/><W94/><G70/><T10/><D118/><U65/><E134/><V34/><F104/><W2/><G2/><T23/><D72/><U50/><E102/><V86/><F34/><W30/><G30/><T1/><D129/><U56/><E4/><V124/><F124/><W111/><G90/><T7/><D107/><U39/><E48/><V19/><F75/><W22/><G22/><T121/><D112/><N who="3" m="43081" /><G45/><T133/><D121/><U55/><E67/><V42/><F29/><W33/><G33/><T77/><D133/><U16/><E39/><V80/><F21/><W130/><G130/><T101/><D7/><U106/><E32/><V103/><F103/><W14/><G14/><T132/><D132/><U123/><E123/><V5/><F5/><N who="3" m="3183" /><G60/><T83/><D101/><U135/><E106/><V15/><F15/><W3/><G3/><T119/><D119/><U59/><E135/><V81/><F81/><W82/><G82/><T122/><D122/><U89/><E59/><V47/><REACH who="2" step="1"/><F42/><REACH who="2" ten="382,193,255,160" step="2"/><W120/><G120/><T46/><D43/><U8/><REACH who="1" step="1"/><E89/><REACH who="1" ten="382,183,255,160" step="2"/><V95/><F95/><W37/><G37/><T0/><D0/><U93/><E93/><V13/><F13/><AGARI ba="0,2" hai="8,13,16,25,27,50,55,56,62,65,71,96,100,105" machi="13" ten="40,7700,0" yaku="1,1,52,1,54,1,53,0" doraHai="99" doraHaiUra="116" who="1" fromWho="2" sc="382,0,183,97,255,-77,160,0" /><INIT seed="5,1,0,1,4,130" ten="382,280,178,160" oya="1" hai0="90,64,135,94,10,67,100,91,103,74,72,4,42" hai1="89,63,96,18,134,126,104,57,113,93,118,3,78" hai2="129,112,99,108,62,24,133,69,76,101,35,2,75" hai3="0,30,13,44,52,110,80,48,53,128,45,86,20"/><U95/><E3/><V16/><F62/><W22/><G110/><T84/><D42/><U81/><E113/><V116/><F24/><W39/><G39/><T107/><D67/><U127/><E18/><V65/><F16/><W7/><G128/><T70/><D70/><U111/><E111/><V23/><F65/><W115/><G115/><T83/><D64/><U92/><E118/><V8/><F8/><W14/><G0/><T132/><D10/><U58/><E63/><V6/><F6/><W60/><G60/><T55/><D55/><U61/><E134/><N who="0" m="51241" /><D4/><U119/><E119/><V27/><F27/><W51/><G7/><T71/><D71/><U37/><E104/><V29/><F29/><W36/><G36/><T5/><D5/><U11/><E11/><V19/><F23/><W47/><G30/><T31/><D31/><U15/><E37/><V85/><F19/><W54/><G80/><T120/><D120/><U38/><E38/><V56/><F56/><W109/><G109/><T46/><D46/><U17/><E127/><V34/><F76/><W68/><G68/><T88/><D107/><U131/><E126/><V124/><F85/><W79/><G86/><N who="0" m="50271" /><D91/><U12/><E131/><V66/><F66/><W28/><G28/><T102/><AGARI ba="1,0" hai="72,74,84,90,94,100,102,103" m="50271,51241" machi="102" ten="30,12000,2" yaku="20,1,34,2,52,3,54,1" doraHai="130" who="0" fromWho="0" sc="382,123,280,-61,178,-31,160,-31" /><INIT seed="6,0,0,4,1,22" ten="505,219,147,129" oya="2" hai0="52,12,88,134,75,93,5,111,37,15,61,78,18" hai1="125,135,38,30,7,68,29,115,3,97,99,54,59" hai2="26,0,113,17,110,34,60,72,94,74,47,130,23" hai3="55,13,1,48,105,81,41,104,103,82,129,89,39"/><V45/><F110/><W101/><G129/><T14/><D37/><U4/><E115/><V50/><F113/><W106/><G1/><T51/><D111/><U77/><E125/><V76/><F130/><W20/><G39/><T21/><D134/><U73/><E135/><V70/><F70/><W40/><G13/><T9/><D75/><U98/><E68/><V84/><F94/><W100/><G20/><T119/><D119/><U126/><E126/><V95/><F0/><W86/><REACH who="3" step="1"/><G82/><REACH who="3" ten="505,219,147,119" step="2"/><T109/><D14/><U122/><E38/><V96/><F34/><W58/><AGARI ba="0,1" hai="40,41,48,55,58,81,86,89,100,101,103,104,105,106" machi="58" ten="40,5200,0" yaku="1,1,2,1,0,1,53,0" doraHai="22" doraHaiUra="31" who="3" fromWho="3" sc="505,-13,219,-13,147,-26,119,62" /><INIT seed="7,0,0,1,3,110" ten="492,206,121,181" oya="3" hai0="18,3,32,54,85,84,4,53,19,8,48,29,66" hai1="120,9,93,87,2,64,41,12,124,20,98,119,7" hai2="47,44,51,15,24,21,132,71,17,135,70,49,105" hai3="22,25,88,127,46,77,122,42,43,14,68,89,90"/><W69/><G122/><T50/><D66/><U65/><E120/><V86/><F105/><W92/><G77/><T10/><D32/><U52/><E87/><V55/><F86/><W112/><G127/><T57/><D85/><U104/><E124/><V109/><F109/><W95/><G14/><T58/><D84/><U79/><E119/><V115/><F115/><W33/><G33/><T60/><D29/><U37/><E79/><V26/><F15/><W6/><G6/><T75/><D75/><U131/><E65/><V59/><F59/><W133/><G133/><T72/><D72/><U100/><E104/><V62/><F62/><W106/><G106/><T81/><D81/><U108/><E108/><V27/><F71/><W28/><G112/><T78/><D78/><U80/><E131/><V116/><F116/><W114/><G114/><T23/><D10/><U45/><E64/><V74/><F74/><W128/><G128/><T30/><D30/><U73/><E80/><V76/><F70/><W117/><G117/><T13/><D19/><U61/><E73/><V97/><F76/><W123/><G123/><T125/><D125/><U121/><E121/><V63/><F97/><W103/><G103/><T113/><D113/><U40/><E40/><V5/><F5/><W0/><G0/><T56/><D56/><N who="1" m="34951" /><E12/><V94/><F94/><W118/><G118/><T38/><D38/><U82/><E82/><V102/><F102/><W35/><G35/><T83/><D83/><U101/><E20/><V39/><F39/><W126/><G126/><T129/><D129/><U130/><E130/><RYUUKYOKU ba="0,0" sc="492,15,206,15,121,-15,181,-15" hai0="3,4,8,13,18,23,48,50,53,54,57,58,60" hai1="2,7,9,37,41,45,93,98,100,101" owari="507,60,221,2,106,-39,166,-23" /></mjloggm>